2474 4068
206 193 272 260 300
555 190 723 246 CORNELII
739 189 858 244 Taciti

206 358 278 401 nere
301 339 487 418 eloquentiae
511 338 643 417 eligenda
667 340 706 398 sit
724 338 817 399 forma
836 316 966 415 dicendi,
990 335 1089 397 malim
1116 335 1232 397 hercle

207 427 237 489 C.
256 426 382 488 Gracchi
400 430 543 505 impetum
557 433 608 487 aut
621 425 653 486 L.
668 425 767 487 Crassi
781 427 980 486 maturitatem
995 442 1083 502 quam
1098 423 1232 485 calami

207 522 285 577 suos
299 515 477 576 Maecenatis
495 522 546 575 aut
565 516 690 575 tinnitus
705 513 858 574 Gallionis:
877 512 950 573 adeo
969 511 1075 573 melius
1089 520 1140 572 est
1156 531 1232 572 ora·

180 625 193 666 s
207 605 318 664 tionem
332 602 379 663 vel
392 603 470 663 hirta
484 610 551 680 toga
565 603 689 663 induere
705 619 792 680 quam
806 602 913 662 fucatis
931 608 961 661 et
975 601 1160 661 meretriciis
1175 618 1232 659 ve·

208 691 303 752 stibus
322 692 473 768 insignire.
511 708 607 769 neque
626 692 704 750 enim
724 692 870 751 oratorius
888 691 958 768 iste,
983 689 1073 748 immo
1092 687 1232 748 hercule

208 797 245 840 ne
265 777 359 838 virilis
374 778 492 857 quidem
507 777 604 839 cultus
619 786 678 858 est,
697 795 754 856 quo
769 776 903 856 plerique
916 784 1085 854 temporum
1099 784 1232 836 nostro·

207 883 275 927 rum
297 873 412 927 actores
435 868 475 928 ita
502 874 641 946 utuntur,
664 872 698 926 nt
720 865 839 926 lascinia
862 864 1020 925 verborum
1043 872 1074 923 et
1096 862 1232 923 levitate

208 956 421 1015 sententiarum
449 962 480 1015 et
506 953 625 1014 licentia
651 954 873 1031 compositionis
898 950 1086 1012 histrionales
1111 951 1232 1011 modos

168 1064 193 1104 ro
207 1043 382 1120 exprimant.
428 1042 565 1121 quodque
584 1043 631 1101 vix
653 1041 755 1101 auditu
774 1041 817 1100 las
836 1057 902 1101 esse
925 1038 1044 1120 debeat,
1062 1038 1162 1100 laudis
1189 1048 1232 1098 ct

207 1129 318 1208 gloriae
346 1138 376 1190 et
403 1131 514 1208 ingenii
541 1128 606 1190 loco
629 1127 763 1207 plerique
786 1129 896 1188 iactant
919 1129 1031 1188 cantari
1054 1125 1231 1204 saltarique

208 1219 434 1278 commentarios
453 1234 532 1278 suos.
566 1216 645 1278 unde
669 1219 764 1277 oritur
786 1215 836 1276 illa
858 1215 943 1275 ioeda
966 1222 996 1275 et
1013 1222 1228 1294 praepostera,

208 1304 260 1366 sed
292 1312 390 1365 tamen
422 1305 562 1383 frequens
593 1303 769 1382 quibusdam
799 1302 983 1382 exclamatio,
1016 1310 1049 1363 ut
1081 1309 1227 1363 oratores

207 1393 303 1452 nostri
333 1399 436 1451 tenere
464 1391 576 1472 dicere,
608 1390 768 1452 histriones
800 1391 911 1451 diserte
934 1389 1040 1451 saltare
1068 1389 1226 1450 dicantur.

168 1478 345 1556 nequidem
372 1496 431 1538 non
458 1480 626 1556 negaverim
654 1477 786 1539 Cassium
815 1478 970 1557 Severum,
1002 1494 1089 1556 quem
1115 1476 1222 1537 solum

207 1565 286 1644 Aper
304 1573 406 1626 noster
425 1567 577 1627 nominare
596 1583 685 1627 ausus
705 1574 758 1646 cst,
778 1568 804 1626 si
822 1568 858 1627 iis
877 1573 1074 1645 comparetur,
1095 1566 1147 1642 qni
1162 1582 1220 1642 po·

209 1660 271 1714 stea
294 1655 428 1734 luerunt,
451 1671 539 1732 posse
562 1661 710 1715 oratorem
728 1655 839 1732 vocari,
864 1670 1041 1732 quamquam
1059 1654 1090 1712 in
1109 1667 1222 1730 magna

207 1749 291 1821 parte
305 1741 450 1802 librorum
464 1759 586 1802 suornm
601 1742 667 1820 plus
682 1741 749 1802 bilis
763 1741 869 1801 habeat
879 1759 967 1819 quam
979 1741 1138 1818 sanguinis.
1153 1743 1219 1818 pri-

207 1847 274 1892 mus
293 1832 371 1890 enim
390 1836 557 1909 contempto
576 1830 680 1890 ordine
698 1847 807 1909 rerum,
826 1831 934 1889 omissa
952 1828 1096 1889 modestia
1113 1845 1147 1888 ac
1161 1845 1217 1905 pu-

168 1938 194 1978 eo
209 1917 280 1978 doro
297 1917 466 1998 verborum,
490 1919 565 1996 ipsis
584 1920 672 1978 etiam
690 1916 798 1995 quibus
816 1918 912 1977 utitur
929 1917 1019 1976 armis
1037 1917 1215 1993 incomposi-

208 2012 257 2066 tus
276 2012 306 2065 et
324 2006 421 2066 studio
441 2005 566 2066 leniendi
584 2005 759 2084 plerumque
778 2005 925 2084 deiectus,
943 2020 1002 2064 non
1021 2011 1141 2083 pugnat,
1161 1995 1232 2062 sed

207 2093 329 2153 rixatur.
351 2089 505 2172 sectorum,
523 2100 557 2153 ut
575 2093 645 2173 dixi,
663 2092 856 2171 sequentibus
875 2099 1060 2170 comparatus
1078 2098 1109 2152 et
1123 2093 1213 2152 varie-

208 2185 269 2239 tate
288 2179 464 2240 eruditionis
483 2186 513 2239 et
528 2179 629 2257 lepore
647 2180 824 2241 urbanitatis
843 2188 874 2241 et
891 2181 1023 2258 ipsarum
1041 2179 1147 2240 virium
1166 2197 1213 2238 ro-

207 2265 280 2328 bore
299 2265 424 2327 multum
439 2275 553 2327 ceteros
568 2275 702 2347 superat,
724 2285 851 2345 quorum
865 2271 1012 2328 neminem
1026 2267 1105 2345 Aper
1119 2270 1211 2327 nomi·

168 2375 194 2416 aa
208 2371 279 2416 nare
298 2363 328 2416 et
345 2353 424 2415 velut
442 2356 474 2415 in
492 2356 586 2414 aciem
603 2354 729 2415 educere
748 2357 899 2417 sustinuit.
936 2373 990 2434 ego
1010 2363 1106 2416 autem
1125 2372 1211 2433 expe·

208 2441 336 2524 ctabam,
359 2451 394 2504 ut
416 2445 549 2504 incusato
574 2442 674 2502 Asinio
698 2450 728 2503 et
747 2442 845 2504 Caelio
868 2450 898 2504 et
917 2442 1003 2504 Calvo
1029 2441 1106 2503 aliud
1125 2442 1211 2503 nobis
1230 2459 1231 2468 ¹

208 2548 313 2610 agmen
335 2531 527 2610 produceret,
549 2529 703 2610 plurisque
725 2531 770 2591 rel
793 2538 874 2592 certe
897 2531 1021 2592 totidem
1038 2531 1211 2611 nominaret,
1230 2519 1231 2590 l

209 2635 245 2678 ex
269 2618 377 2697 quibus
400 2619 489 2680 alium
513 2618 661 2699 Ciceroni,
689 2618 780 2690 alium
802 2618 932 2698 Caesari,
960 2617 1083 2696 singulis
1105 2617 1211 2683 deinde

209 2704 341 2782 singulos
356 2722 580 2785 opponeremus.
602 2724 682 2768 nuno
696 2707 876 2768 detrectasse
889 2708 1061 2767 nominatim
1076 2707 1211 2783 antiquos

278 2802 355 2870 ΞΜ
375 2803 527 2858 duritatem
544 2803 640 2859 Kroot
664 2806 669 2872 Ι
693 2810 710 2858 4
729 2804 884 2860 orationem
900 2806 1055 2861 Andreaen:
1074 2804 1211 2858 oratorem

209 2874 359 2942 (oratorem
383 2873 430 2927 vel
454 2873 559 2926 hirtam
583 2874 680 2942 togam
705 2874 819 2930 induero
845 2890 929 2943 quam
951 2872 1053 2929 fucatis
1076 2888 1105 2928 se
1127 2874 1155 2926 et
1173 2873 1209 2928 F.

210 2944 297 3012 Polie)
326 2946 332 3012 Ι
360 2945 507 2998 8autores
526 2944 557 3010 b,
580 2946 708 2998 auctores
725 2945 761 3012 Β,
781 2947 905 3000 oratores
923 2945 1014 3000 Ritter
1041 2947 1047 3013 Ι
1076 2949 1108 2998 10
1126 2942 1210 2999 debet

208 3016 344 3082 Bctlereaa,
363 3014 486 3068 debebat
499 3013 626 3086 Muretus
641 3018 646 3084 Ι
664 3021 696 3070 13
715 3015 883 3083 quibusdam
895 3015 1059 3070 Rhenum:
1077 3012 1147 3068 siout
1164 3013 1209 3068 his

209 3085 281 3141 clam
301 3087 329 3139 et
349 3084 373 3139 0
393 3084 428 3154 (si
447 3085 489 3138 dis
508 3083 602 3154 placet
619 3085 775 3153 amram,
803 3086 876 3140 sicut
894 3084 971 3141 scitis
989 3085 1051 3140 leus
1070 3085 1098 3139 et
1118 3083 1208 3148 Orelli,
1229 3075 1230 3120 l

207 3157 272 3224 fort.
291 3155 364 3210 siout
382 3155 459 3210 scitis
478 3153 642 3224 faventium)
663 3158 668 3224 Ι
689 3161 723 3209 14
740 3158 858 3223 temera,
877 3173 923 3212 em.
943 3155 1077 3224 Lipsiae!
1094 3158 1125 3209 18
1142 3153 1208 3208 bilis
1229 3151 1230 3223 l

212 3225 358 3294 Wopkens:
381 3225 425 3280 uis
444 3228 507 3294 (alti
524 3226 593 3281 cont.
614 3225 686 3292 suci,
704 3225 769 3292 viri,
789 3227 869 3293 salis,
888 3223 979 3280 camis
997 3225 1055 3292 eto.)
1076 3227 1080 3294 Ι
1100 3229 1132 3278 21
1151 3226 1208 3278 stu-

209 3293 263 3347 diis
293 3297 298 3362 Ι
328 3293 462 3350 deuectus
482 3295 548 3362 OF,
582 3295 708 3350 detectus
727 3297 841 3365 Lipsius
870 3299 875 3365 Ι
904 3301 939 3349 24
957 3295 1076 3420 oetaropj
1097 3296 1207 3348 cunctos

207 3363 342 3424 Bathnae.
361 3381 399 3419 oo
417 3365 485 3420 eos?
501 3367 505 3433 Ι
521 3371 555 3419 26
574 3364 702 3420 incurate
721 3366 799 3420 Boo
812 3368 817 3434 Ι
832 3371 867 3421 at
885 3364 1026 3436 plerisque
1072 3364 1117 3434 Fi
1133 3368 1207 3419 certo

210 3433 252 3500 01
267 3438 302 3487 28
321 3431 455 3500 Ciceroni,
473 3434 561 3487 alium
579 3434 674 3504 Bruto,
693 3435 780 3490 elium
799 3435 828 3492 (l.
847 3435 963 3506 Spenyel
978 3439 983 3504 Ι
999 3441 1033 3490 29
1051 3450 1121 3490 nunc
1139 3434 1207 3491 llbe-

207 3517 311 3559 ooouo:
330 3516 387 3556 non
