2474 4068
209 195 275 258 280
559 189 730 246 CORNELII
747 188 868 246 ΤΑΟΙΤΙ

209 337 377 400 iucunditas
391 356 451 398 non
464 354 525 398 uno
540 335 637 414 aliquo
651 344 810 416 momento,
828 336 880 396 sed
897 336 1035 398 omnibus
1049 354 1145 415 prope
1157 335 1210 394 die·

209 426 265 487 bus
280 444 313 486 ec
328 444 421 504 prope
436 423 572 485 omnibus
586 424 669 484 boris
683 426 835 502 contingit.
869 425 940 502 quid
959 427 1039 485 enim
1053 424 1167 486 ducias
1180 423 1210 482 li-

209 513 281 574 bero
301 521 330 574 et
348 516 476 591 ingenuo
496 514 593 572 animo
614 519 643 572 et
662 512 697 571 ad
712 511 876 589 voluptates
891 511 1030 572 honestas
1043 518 1113 572 nato
1127 529 1210 589 quam

182 628 195 668 5
210 601 309 662 videre
327 601 444 679 plenam
458 617 576 678 semper
591 607 621 660 et
634 600 821 677 frequentem
835 598 954 660 domum
970 618 1052 660 suem
1067 617 1210 660 concursu

210 689 516 767 splendidissimorum
530 684 705 747 hominum?
719 687 809 765 idque
824 689 901 748 scire
915 705 975 747 non
989 689 1141 767 pecuniae,
1155 704 1210 746 non

209 775 340 855 orbitati,
363 793 423 835 non
447 775 537 835 officii
560 775 684 835 alicuius
711 773 971 854 administrationi,
995 775 1047 835 sed
1076 773 1133 836 sibi
1158 775 1209 851 ipsi

209 861 293 924 dari?
307 865 388 941 ipsos
403 865 475 941 quin
489 865 578 922 immo
593 862 682 922 orbos
696 869 727 922 et
739 861 901 940 locupletes
919 869 948 922 et
962 870 1098 939 potentes
1113 864 1207 921 venire

207 951 383 1030 plerumque
402 951 437 1010 ad
456 953 593 1011 iuvenem
612 958 642 1010 et
659 967 832 1028 pauperem,
851 957 885 1009 ut
905 957 956 1010 aut
975 968 1027 1010 sua
1042 956 1093 1012 aut
1108 951 1209 1009 amico·

167 1065 194 1104 10
208 1057 276 1100 rum
293 1038 465 1099 discrimina
483 1037 697 1098 commendent.
728 1036 825 1096 ullane
843 1043 923 1098 tanta
941 1038 1106 1114 ingentium
1126 1054 1208 1114 opum

208 1145 242 1188 ac
262 1144 384 1205 magnae
402 1127 551 1204 potentiae
570 1125 703 1202 voluptas
723 1142 811 1203 quam
830 1131 964 1203 spectare
982 1124 1119 1185 homines
1140 1133 1208 1183 vete·

208 1232 257 1274 res
276 1222 306 1275 et
326 1231 412 1274 senes
427 1221 458 1274 et
470 1215 562 1273 totius
577 1212 660 1273 urbis
674 1213 769 1290 gratia
782 1211 924 1272 subnixos
938 1214 969 1271 in
984 1229 1099 1272 summa
1113 1227 1207 1271 rerum

208 1303 340 1362 omnium
360 1300 539 1361 abundantia
553 1301 740 1374 confitentes,
759 1299 789 1359 id
804 1299 882 1378 quod
897 1301 1041 1378 optimum
1056 1302 1096 1360 sit
1110 1317 1143 1359 se
1157 1315 1209 1358 non

207 1385 339 1448 babere?
352 1389 411 1446 iam
425 1405 494 1446 vero
509 1389 561 1465 qui
574 1394 741 1464 togatorum
756 1389 913 1447 comitatus
928 1395 958 1448 et
972 1385 1125 1469 egressus!
1141 1403 1209 1465 quae

168 1501 194 1542 15
208 1478 239 1536 in
253 1473 372 1553 publico
387 1472 514 1552 species!
525 1492 599 1552 quae
614 1476 645 1534 in
659 1474 777 1534 iudiciis
792 1473 953 1536 veneratioi
969 1475 1048 1553 quod
1062 1474 1137 1535 illud
1147 1492 1208 1552 gau-

209 1563 290 1623 dium
300 1561 500 1640 consurgendi
509 1560 952 1640 adsistendiqueintertacentes
962 1564 1138 1623 etinunum
1148 1579 1209 1623 con·

207 1649 322 1714 versos!
337 1652 417 1712 coire
430 1649 573 1729 populum
588 1657 618 1711 ct
627 1650 826 1710 circumfundi
833 1668 971 1711 coronam
982 1658 1012 1710 et
1021 1652 1157 1730 accipere
1166 1648 1209 1710 ad·

208 1740 328 1819 fectum,
338 1756 554 1817 quemcumque
565 1745 664 1799 orator
673 1736 817 1799 induerit!
831 1737 961 1815 vulgaria
972 1738 1135 1799 dicentium
1145 1755 1209 1815 gau-

208 1827 256 1888 dia
279 1835 308 1887 et
326 1828 531 1905 imperitorum
556 1844 673 1905 quoque
695 1824 788 1885 oculis
815 1827 947 1903 exposita
965 1843 1144 1903 percenseo:
1165 1823 1208 1884 iiia

168 1943 195 1982 eo
209 1917 371 1976 secretiora
391 1922 421 1975 et
438 1921 554 1974 tantum
568 1916 641 1992 ipsis
656 1912 808 1973 orantibus
827 1922 897 1973 nota
914 1915 1025 1973 maiora
1045 1921 1123 1974 sunt.
1154 1915 1208 1972 sire

207 2011 375 2064 accuratam
388 2002 618 2080 meditatamque
632 2002 746 2078 proiert
759 2002 936 2080 orationem,
955 2009 1001 2060 est
1016 2001 1163 2079 quoddam
1176 2001 1208 2058 si·

208 2098 259 2150 cut
271 2092 366 2167 ipsius
381 2089 532 2168 dictionis,
553 2091 593 2148 ita
608 2089 707 2165 gaudii
720 2088 836 2166 pondus
851 2095 881 2147 et
894 2091 1072 2168 constantia3
1087 2091 1150 2149 sive
1164 2105 1207 2146 no·

207 2195 272 2236 uam
290 2184 321 2237 et
338 2183 490 2236 recentem
513 2193 615 2235 curam
633 2194 692 2235 nou
712 2178 775 2236 sine
794 2175 891 2254 aliqua
909 2176 1107 2254 trepidatione
1126 2175 1207 2236 animi

209 2263 349 2344 attulerit,
363 2266 427 2342 ipsa
446 2261 612 2323 sollicitudo
634 2263 820 2324 commendat
834 2270 972 2324 eventum
986 2271 1016 2323 et
1029 2263 1208 2325 lenocinatur

168 2379 195 2420 25
209 2352 358 2430 voluptati.
393 2350 444 2411 sed
464 2350 671 2429 extemporalis
690 2351 828 2411 audaciae
846 2359 935 2430 atquc
953 2353 1048 2429 ipsius
1066 2353 1207 2412 temerita-

208 2443 247 2501 tis
274 2440 321 2500 vel
344 2441 505 2518 praecipua
527 2440 695 2501 iucunditas
719 2446 776 2519 est3
804 2457 871 2498 nam
895 2443 927 2500 in
949 2441 1067 2517 iugenio
1087 2455 1207 2518 quoque,

209 2529 287 2589 sicut
300 2531 330 2588 in
345 2546 424 2609 agro,
440 2523 697 2606 qrramquam†alie
706 2526 756 2587 diu
769 2534 906 2586 serantur
916 2534 1004 2605 atquc
1017 2526 1209 2602 elaberentur,

208 2618 337 2692 gratiora
350 2623 449 2676 tamen
465 2634 539 2694 quae
554 2633 607 2676 sua
622 2623 727 2693 sponte
742 2622 913 2676 nascuntur.

276 2701 304 2762 7.
327 2701 486 2782 Equidem,
503 2703 588 2762 utde
602 2721 649 2762 me
664 2705 729 2780 ipso
744 2702 849 2782 iatear,
863 2720 923 2762 non
938 2720 1006 2763 eum
1021 2702 1099 2762 diem
1114 2703 1206 2764 lactio-

207 2805 272 2849 rem
296 2790 356 2868 egi,
380 2807 438 2867 quo
462 2790 534 2848 mihi
552 2788 629 2849 latus
648 2789 748 2850 clavus
769 2789 884 2851 oblatus
904 2797 961 2870 est,
985 2789 1031 2849 vei
1050 2807 1109 2868 quo
1128 2791 1207 2850 homo

279 2940 305 3009 6,
320 2946 336 2995 2
354 2937 538 2994 iocunditatis
555 2939 605 2994 Bb
629 2941 633 3008 l
660 2940 771 3020 [prope]
791 2941 932 2996 Aodreseo
956 2943 961 3010 i
988 2947 1003 2995 't
1021 2955 1113 3007 neque
1132 2935 1207 2995 officii

210 3010 267 3067 OF
289 3013 293 3081 Ι
318 3009 484 3091 8ipsosuo1.
504 3014 529 3064 et
546 3009 654 3064 Haece:
673 3012 743 3063 utos
762 3011 848 3090 ΒΜ,
866 3010 930 3064 illos
949 3010 980 3064 F
1000 3011 1004 3081 Ι
1031 3016 1062 3089 Ι11
1084 3007 1207 3126 [veteresj

207 3083 366 3149 Acidoiiue,
386 3081 489 3135 divites
503 3080 637 3134 Heinsius
652 3082 657 3148 i
674 3085 707 3134 12
726 3080 804 3133 urbu
816 3081 957 3137 Pithoeus:
977 3080 1054 3135 orbu
1070 3081 1075 3146 Ι
1093 3084 1126 3134 1⁶
1144 3077 1191 3131 niu

208 3153 257 3208 ob:
277 3151 307 3206 id
326 3155 385 3221 (om.
404 3152 478 3218 Por.)
501 3151 505 3220 Ι
527 3157 560 3205 17
579 3165 711 3230 coronam
729 3150 888 3205 Acidalius:
907 3167 1000 3207 coram
1016 3156 1020 3218 Ι
1039 3155 1071 3204 18
1091 3146 1207 3218 quaudo·

209 3238 325 3344 cumqge
343 3223 394 3343 Btb
424 3224 428 3289 Ι
457 3219 581 3343 ἱηίἰιιοζίὓ
600 3220 666 3325 (Πτῖε
695 3219 892 3344 ffidupret2133b
916 3220 1046 3301 (uoluerit
1063 3222 1208 3354 Agdcssseg,

208 3309 246 3414 gg
260 3308 291 3412 ζ
310 3290 579 3438 ἓνξιῗΙὲτΙζῆἕῗὶῖηὸ
595 3307 659 3426 3⁰13]
676 3307 764 3412 qfflgiq
779 3294 834 3429 ῗυΙεῑ
851 3307 1067 3427 ιιὴίῗὲτᾞεξιθιΐὲ
1087 3306 1208 3414 sembur-

207 3429 332 3493 Ernesti,
364 3427 498 3481 soladrora
521 3431 649 3483 serentur
671 3429 775 3496 danque
798 3429 871 3485 eleb.
893 3430 1064 3500 Peerlkamp,
1083 3430 1208 3485 solidiore

209 3513 281 3568 quae
300 3498 428 3550 seruntur
447 3513 471 3550 e.
491 3497 672 3552 elaberentur
689 3499 832 3554 Andresen
848 3503 851 3568 1
869 3500 925 3570 7,1
944 3499 1005 3569 ipse
1023 3503 1039 3556 b
