2490 4066
339 178 541 234 Aculeonis
560 186 673 235 44-46.
946 182 1010 247 275

61 321 119 386 46.
144 323 177 385 Si
199 327 266 404 quis
290 327 409 404 piorum
427 325 564 386 manibus
582 326 682 407 locus,
706 329 746 407 si,
770 333 804 388 ut
826 327 1010 405 sapientibus

6 411 109 493 lacet,
134 429 195 472 non
215 431 284 473 eum
298 431 423 491 corpore
438 415 652 492 extinguuntur
666 432 788 492 magnae
802 416 928 496 animae,
950 416 1010 493 pla·

6 500 62 559 ide
84 501 238 581 quiescaS‚
262 518 376 579 nosque
391 500 511 561 domum
528 509 610 560 tuam
624 500 660 561 ab
679 502 795 562 infirmo
814 500 961 562 desiderio
979 509 1010 564 et

6 587 198 648 nnliebribus
217 587 354 648 lamentis
373 587 408 648 ad
432 588 708 666 contemplationem
726 591 870 649 virtutum
890 596 1009 650 tuarum

8 693 95 756 oees,
112 693 187 754 quas
201 693 299 754 neque
313 675 410 754 lugeri
423 694 519 754 neque
533 675 632 754 plangi
646 677 689 736 las
704 684 756 736 est.
772 675 964 737 admiratione
979 685 1007 738 te
1022 701 1035 742 s

6 765 98 823 otius
107 771 138 823 et
146 763 363 824 immortalibus
373 762 510 823 laudibus
525 769 564 844 et,
574 765 600 823 si
607 771 710 824 natura
721 765 898 845 suppeditet,
909 765 1009 826 simili-

6 851 103 910 udine
124 850 272 910 colamus:
295 853 321 910 is
336 869 424 911 verus
438 850 541 931 honos,
562 868 595 910 ea
616 853 851 911 coniunctissimi
864 854 1009 931 cuiusque

6 941 103 998 ietas.
137 938 168 998 id
191 937 268 997 filiae
294 956 412 1017 quoque
436 939 580 1016 uxorique
602 940 817 1018 praeceperim,
841 940 884 999 sic
906 943 1009 1020 patris,

7 1029 36 1086 ic
54 1027 159 1086 mariti
173 1027 347 1086 memoriam
361 1028 508 1106 venerari,
533 1033 567 1085 ut
585 1027 682 1085 omnia
702 1026 778 1085 iacta
792 1026 928 1105 dictaque
943 1029 1007 1087 eius

6 1132 102 1173 ¹eotnn
119 1112 286 1193 revolvant,
314 1113 496 1191 formamque
516 1130 549 1172 ac
567 1113 691 1190 liguram
710 1115 800 1173 animi
812 1116 906 1191 magis
920 1132 1007 1192 quam
1022 1140 1048 1179 ιο

6 1202 135 1279 torporis
151 1199 394 1281 complectantur,
409 1217 469 1260 non
484 1201 552 1278 quia
567 1199 809 1261 intercedendum
822 1209 925 1279 putem
938 1204 1008 1261 ima-

6 1288 119 1364 ginibus
134 1306 211 1367 quae
228 1305 375 1347 marmore
394 1295 445 1347 aut
463 1305 529 1347 aere
544 1287 705 1369 linguntur,
719 1289 780 1369 sed,
793 1296 827 1349 ut
840 1289 939 1349 vultus
957 1289 1008 1350 ho-

6 1379 123 1457 oinum‚
137 1378 179 1435 ita
193 1375 350 1436 simulacra
360 1374 458 1435 vultus
468 1373 613 1435 imbecilla
627 1394 661 1435 ac
675 1375 809 1436 mortalia
823 1384 901 1457 sunt,
915 1377 1008 1437 iorma

6 1465 110 1523 nentis
124 1469 258 1544 aeterna,
278 1481 366 1542 quam
384 1471 486 1522 tenere
501 1470 531 1523 et
549 1464 715 1541 exprimere
733 1481 793 1523 non
810 1481 865 1542 per
883 1463 1008 1524 alienam

6 1551 154 1611 nuteriam
174 1558 204 1611 et
228 1558 337 1631 artem,
364 1550 417 1611 sed
431 1552 491 1610 tuis
505 1551 569 1628 ipse
582 1549 717 1611 moribus
730 1553 834 1629 possis.
863 1552 1007 1630 quidquid
1022 1574 1047 1615 15

6 1657 32 1698 rx
48 1637 188 1716 Agricola
203 1641 376 1718 amavimus,
401 1636 545 1716 quidquid
559 1639 659 1698 mirati
672 1655 789 1718 sumus,
812 1645 911 1698 manet
927 1657 1007 1699 man·
1077 1677 1080 1684 -

6 1743 165 1804 nurumque
188 1731 234 1785 est
252 1727 283 1784 in
297 1727 402 1785 animis
420 1725 586 1805 hominum,
599 1727 631 1784 in
645 1727 818 1785 aeternitate
831 1731 1008 1806 temporum,

6 1817 28 1874 *n
43 1815 122 1874 iama
142 1830 257 1892 rerum3
273 1830 340 1872 nam
358 1812 467 1872 multos
481 1820 615 1873 veterum
628 1811 709 1872 velut
727 1811 868 1890 inglorios
882 1820 913 1873 et
926 1814 1008 1890 igno·

6 1901 68 1961 silis
89 1899 199 1960 oblivio
214 1899 328 1961 obruit:
347 1899 483 1978 Agricola
501 1901 669 1978 posteritati
687 1908 824 1961 narratus
838 1907 869 1960 st
881 1899 1009 1960 traditus

6 1996 156 2068 superstes
170 1989 236 2048 erit.
1021 2010 1048 2049 so

7 2157 109 2224 >esitus
130 2171 161 2210 es
178 2171 274 2226 rnorpo
291 2155 319 2208 A
364 2155 410 2221 46,
425 2161 441 2209 3
460 2170 567 2222 nosque
585 2157 615 2210 et
632 2155 746 2210 domum
769 2157 895 2226 Urlichs!
914 2162 932 2211 t
948 2174 1007 2211 mu-

7 2226 117 2281 ,ieribus
136 2227 165 2280 B
189 2227 194 2295 Ι
220 2231 236 2280 5
256 2241 336 2280 semu
349 2224 442 2279 atione
462 2225 630 2280 Cornelissen
650 2228 654 2295 Ι
675 2234 690 2281 6
710 2228 740 2280 st
757 2227 796 2296 (is
814 2226 939 2296 Lipsius)
956 2227 1008 2280 im-

7 2295 169 2352 nortalibue
188 2296 348 2351 Acidalins:
366 2293 590 2364 temporalibus!
611 2294 795 2351 similitudine
814 2297 938 2352 Grotius:
956 2297 1007 2350 mi-

8 2366 82 2420 llum
101 2367 140 2436 A,
158 2365 279 2420 multum
295 2367 324 2419 B
343 2365 495 2434 (semulaiu
514 2365 659 2436 Heinsius)
676 2369 680 2435 1
698 2373 713 2421 7
728 2365 851 2421 colemus
866 2367 1006 2421 Mincius:

8 2435 167 2492 leceramus
186 2437 359 2506 (decoremus
383 2436 509 2502 Ursinus)
535 2439 539 2504 Ι
566 2441 598 2490 10
616 2435 788 2503 formamque
808 2437 947 2490 Mnreins:
966 2435 1006 2489 ia·

8 2523 131 2574 namque
147 2510 151 2575 Ι
169 2512 201 2561 11
221 2505 444 2561 interdicendum
466 2506 582 2560 Ursinus
597 2507 601 2574 Ι
623 2511 655 2559 ia
674 2503 826 2560 imbecillis
842 2506 870 2559 B
886 2506 892 2575 1
908 2511 941 2560 16
960 2507 1005 2576 ax]

8 2578 211 2702 n0‹21}nelisscn
227 2579 231 2647 Ι
247 2575 381 2632 sdmirsti
394 2576 521 2646 Wilfflin
536 2577 541 2646 Ι
558 2581 590 2630 18
609 2573 640 2629 in
653 2576 810 2632 mouimus
825 2578 830 2647 Ι
847 2581 880 2631 ts
899 2575 1006 2647 obruet,

8 2665 42 2702 nr.
97 2653 176 2718 carpi.
