2474 4068
252 178 346 233 man
365 177 413 234 DE
434 179 660 234 ouauoulssus
679 187 792 236 30-32.
961 181 1026 247 305

17 328 187 408 promptius
202 326 238 388 ad
247 328 472 389 miserationem
485 327 624 408 impellat,
639 330 691 406 qui
704 330 761 388 soit
775 328 846 407 quid
861 330 899 389 sit
913 329 1026 390 miseri·
1041 349 1066 392 ιι

18 417 117 476 cordia
141 423 173 476 et
192 414 300 495 quibus
319 417 409 476 animi
426 415 556 478 motibus
575 419 749 476 concitetur.
794 418 825 477 in
843 417 890 476 his
913 416 1027 477 artibus

18 501 342 582 exercitationibusque
361 511 495 566 versatus
516 512 628 584 orator,
646 506 708 564 sive
727 503 804 582 apud
823 504 946 564 infestos
965 507 1026 564 sive

19 594 93 671 apud
123 590 251 671 cupidos
275 593 336 651 sive
365 591 442 670 apud
465 591 631 653 invidentes
654 593 715 652 sive
739 591 816 671 apud
839 593 941 652 tristes
965 593 1026 652 siva

18 681 91 759 apud
102 681 247 742 timentes
257 677 415 740 dicendum
425 679 571 761 habuerit,
585 680 698 741 tenebit
712 698 801 742 venas
811 680 986 760 animorum,
996 687 1027 739 et

15 776 105 846 prout
119 769 267 846 cuiusque
282 773 387 828 natura
401 767 568 848 postulabit,
582 768 735 830 adhibebit
746 786 865 830 manum
875 775 905 828 et
915 775 1024 846 tempe·
1040 789 1066 830 ao

15 857 92 917 rabit
107 857 284 936 orationem,
298 862 400 934 parato
415 857 495 916 omni
508 858 707 916 instrumento
722 863 751 916 et
765 856 803 916 ad
811 874 928 917 omnem
938 873 1026 917 usum

13 947 158 1024 reposito.
184 951 254 1004 sunt
269 942 347 1022 apud
362 961 437 1022 quos
451 942 626 1004 adstrictum
645 951 675 1004 et
688 943 845 1004 collectum
864 951 894 1003 et
912 943 1027 1022 singula

14 1035 115 1094 statim
136 1039 310 1110 argumenta
328 1030 509 1092 concludens
528 1030 646 1093 dicendi
661 1048 754 1110 genus
769 1030 836 1109 plus
850 1031 920 1091 fidei
932 1048 1026 1092 mere·

14 1131 76 1184 tur:
96 1120 180 1200 apud
201 1119 255 1180 bos
270 1118 386 1181 dedisse
402 1137 522 1199 operam
536 1119 705 1180 dialecticae
724 1119 867 1198 proliclet.
895 1118 967 1179 alios
982 1119 1026 1179 lu·

14 1228 43 1270 sa
62 1217 96 1270 et
117 1206 250 1287 aequalis
268 1214 298 1269 et
316 1225 353 1268 ex
371 1206 578 1269 communibus
596 1205 684 1268 ducta
703 1206 838 1269 sensibus
858 1209 952 1267 oratio
966 1223 1024 1266 ma·
1040 1227 1066 1270 aa

14 1300 56 1375 gis
77 1295 224 1358 delectat:
242 1295 278 1358 ad
294 1295 350 1356 hos
363 1296 578 1376 permovendos
596 1294 799 1358 mutuabimur
817 1314 833 1356 a
854 1294 1025 1375 Peripateti-

14 1388 55 1444 cis
77 1392 168 1464 aptos
183 1392 214 1444 et
226 1385 257 1445 in
271 1401 390 1444 omnem
403 1383 633 1464 disputationem
650 1390 769 1464 paratos
787 1384 846 1445 iam
864 1383 953 1444 looos.
977 1383 1026 1444 da·

15 1473 91 1533 hunt
112 1471 282 1533 Academici
298 1473 529 1553 pugnacitatem,
547 1471 629 1532 Plato
643 1472 841 1552 altitudinem,
860 1471 1025 1551 Xenophon

15 1560 248 1640 iucunditatem3
280 1577 317 1620 ne
345 1559 467 1638 Epicuri
493 1561 614 1639 quidem
642 1571 672 1620 et
699 1560 860 1621 Metrodori
886 1561 1025 1620 honestas

17 1648 162 1728 quasdam
185 1646 411 1708 exclamationes
433 1648 588 1708 adsumere
609 1649 715 1727 iisque,
737 1655 827 1725 prout
849 1663 898 1706 res
921 1649 1025 1726 poscit,
1039 1667 1065 1708 ao

16 1740 58 1797 uti
78 1736 212 1798 alienum
226 1737 283 1795 erit
296 1737 415 1797 oratori
442 1751 540 1815 neque
557 1736 637 1795 euim
652 1736 814 1812 sapientem
832 1733 1026 1794 informamus

18 1841 115 1904 noque
132 1823 300 1884 Stoicorum
319 1826 471 1905 comitem,
491 1822 542 1883 sed
558 1839 625 1884 eum
640 1824 691 1901 qui
706 1820 847 1900 quasdam
861 1827 941 1882 artes
954 1822 1025 1881 hau·

17 1916 90 1993 rire,
116 1929 221 1973 omnes
239 1909 331 1972 libare
351 1910 447 1972 debet.
485 1910 612 1990 ideoque
626 1917 657 1970 et
669 1911 745 1970 iuris
759 1908 854 1970 civilis
873 1909 1026 1970 scientiam

16 2008 136 2062 veteres
151 2006 284 2060 oratores
290 1997 588 2079 comprehendebant,
602 2004 632 2059 et
641 1999 830 2076 grammatica
839 1998 1026 2076 musicageo·

15 2091 126 2150 metria
134 2086 352 2148 imbuebantur.
364 2085 584 2148 inciduntenim
589 2101 702 2167 causae,
707 2085 852 2165 plurimae
862 2084 980 2166 quidem
991 2103 1025 2146 ac
1039 2104 1065 2146 oo

13 2195 112 2258 paene
128 2193 243 2256 omnes,
266 2177 300 2237 io
317 2174 426 2256 quibus
444 2176 518 2237 iuris
532 2177 636 2237 notitia
650 2175 849 2256 desideratur,
866 2173 1026 2255 pleraeque

15 2274 128 2344 autem,
142 2265 173 2325 in
188 2262 296 2344 quibus
309 2263 382 2328 baec
396 2282 513 2346 quoque
528 2265 652 2326 scientia
666 2265 840 2344 requiritur.

85 2351 138 2416 32.
148 2351 209 2414 Nec
224 2354 379 2434 quisquam
388 2355 566 2433 respondeat
576 2353 724 2432 sulficere,
738 2360 772 2413 ut
781 2351 818 2412 ad
830 2358 948 2428 tempus
958 2351 1026 2408 sim·
1057 2323 1060 2328 ¹

15 2442 86 2521 plex
111 2440 250 2520 quiddam
272 2449 303 2501 et
325 2441 472 2502 unilorme
495 2441 663 2502 doceamur.
692 2441 821 2517 primum
844 2434 1027 2497 animaliter

16 2533 135 2591 utimur
152 2530 294 2610 propriis,
312 2528 398 2589 aliter
417 2526 618 2607 commodatis,
636 2526 784 2606 longeque
802 2527 948 2584 interesse
967 2540 1026 2584 ma·

90 2664 185 2732 81,st
205 2664 241 2719 ad
259 2662 300 2719 Fa
320 2665 349 2718 el
366 2663 471 2732 Boot
497 2667 530 2718 1'1
548 2663 696 2744 uersatur}
716 2666 751 2715 20
768 2656 954 2729 postulauerit
971 2657 1025 2740 F]

17 2741 48 2790 21
72 2751 185 2789 omnem
203 2734 358 2790 orationem
376 2733 462 2789 Bb¹'
459 2738 517 2798 [23
536 2731 603 2787 fidei
622 2733 700 2788 Puta
719 2731 803 2785 fldem
818 2732 823 2798 l
839 2734 873 2786 25
892 2727 1026 2798 aequabi-

16 2805 51 2860 lis
71 2806 216 2863 Andreaea
230 2809 235 2876 Ι
250 2812 285 2861 26
302 2802 507 2876 promerendos
525 2804 582 2871 Bb,
601 2801 816 2859 commonendos
837 2800 927 2871 0127
947 2816 1026 2871 uper·

17 2878 61 2931 los
78 2875 121 2947 F]
139 2876 194 2947 130
211 2875 470 2961 poscetPotboeual
487 2880 520 2929 32
539 2874 670 2929 comitam
693 2874 797 2931 Vahlen
815 2873 874 2929 coll.
894 2872 968 2926 Plio.
987 2871 1025 2926 N.

17 2947 55 3002 H.
73 2948 166 3016 praef.
183 2947 299 3019 522(
296 2948 345 3017 qui
362 2947 436 3001 botos
453 2947 609 3015 mopiam
625 2946 725 3001 cimolia
742 2950 804 3012 aava
836 2942 981 2997 ciuitatem
998 2941 1026 2994 B

19 2964 95 3072 OF1⁹
95 3021 121 3072 et
138 3033 198 3097 mpr
216 3033 231 3072 o
249 3018 281 3084 b,
313 3018 403 3071 artam
421 3014 450 3071 b¹
470 3013 571 3082 (civem
588 3014 751 3081 Ddaicrleiao,
784 3015 951 3067 sectatorem
968 3010 1025 3066 Joo.

18 3084 171 3152 Fischers
205 3101 345 3140 armamus
363 3084 528 3153 Stoicorum,
547 3083 597 3138 sad
615 3085 656 3138 M.
676 3084 786 3163 Harpal)
804 3084 808 3149 Ι
827 3075 939 3135 haurire
957 3080 1025 3150 Lo'p

16 3160 89 3214 uus:
109 3154 207 3209 audire
223 3158 227 3224 Ι
243 3161 277 3210 38
295 3155 386 3210 libare
404 3099 528 3210 Bcloloer.
543 3153 700 3208 liberaliter
717 3153 818 3223 (libare
836 3150 934 3205 literas
956 3096 1025 3206 iao·

17 3243 78 3286 maa
106 3223 219 3292 lotvilla
238 3241 287 3284 om.
307 3227 343 3295 bl
363 3231 398 3281 ut
416 3223 598 3296 mammolino
616 3223 722 3278 musice
741 3224 771 3278 et
788 3219 941 3292 geometria
961 3220 992 3290 (-
971 3235 1026 3275 -1oe

21 3299 44 3354 0
95 3299 206 3352 deora.
225 3296 284 3367 Bb)
306 3295 426 3366 BbGF,
453 3311 500 3352 aa.
520 3295 684 3361 ammom,
716 3295 745 3348 el
766 3293 816 3348 del.
841 3290 1024 3364 Wmeoberpl

22 3375 55 3424 36
74 3365 105 3420 in
123 3367 187 3423 odd.
206 3299 333 3439 Meiabrl
371 3337 502 3436 laebaque
521 3366 685 3424 Rbeaaaaea
704 3366 832 3436 plerumq
832 3377 867 3416 ue
883 3364 888 3433 Ι
904 3368 937 3417 til
956 3362 1026 3416 haec

23 3453 129 3507 quoqne
154 3437 220 3494 OF:
248 3439 318 3496 haao
327 3370 389 3496 ¹be
412 3437 521 3509 (hoium
543 3453 653 3509 quoquo
677 3433 881 3507 Soboralieiacb)
911 3434 916 3504 Ι
944 3431 994 3501 22,
1010 3437 1025 3487 1

25 3508 159 3564 sufficeret
172 3511 178 3580 l
193 3515 210 3566 2
228 3509 304 3566 enim
322 3509 485 3568 Rbeatam
504 3513 599 3567 autom

75 3607 177 3650 raum
190 3608 266 3652 PARS
280 3611 311 3655 Π.
830 3600 865 3651 20
