2474 4068
348 194 564 253 ouRMAMAE
582 205 695 256 43-46.
957 201 1021 265 243

21 343 138 405 Suebici
151 345 242 404 maris
256 343 342 405 litore
360 345 528 408 Aestiorum
547 355 649 426 gentes
669 346 841 428 adluuntur,
860 345 968 426 quibus
983 350 1022 408 ri·

21 441 65 492 tus
83 431 264 512 habitusque
279 431 458 515 Sueborum,
476 433 576 514 lingua
594 434 780 495 Britannicae
798 437 926 514 propior.
962 453 1021 496 ma·

21 529 92 580 trem
111 519 200 582 deum
219 528 406 582 venerantur.
445 524 560 601 insigne
579 524 799 601 superstitionis
815 523 922 583 iormas
937 541 1021 602 apro-

20 627 84 668 rum
97 615 226 686 gestant:
243 607 273 668 id
287 626 342 686 pro
357 611 446 670 armis
461 613 600 689 omnique
615 611 706 672 tutela
720 628 859 672 securum
874 609 945 671 deae
960 610 1019 672 cul·
1037 633 1061 672 ro

21 704 112 756 torem
130 698 219 756 etiam
238 697 317 756 inter
335 696 429 758 hostis
443 706 581 777 praestat.
618 716 703 759 rarus
718 699 802 780 ferri,
822 698 962 777 frequens
977 699 1020 758 iu-

20 787 107 844 stium
121 801 202 844 usus.
217 783 365 845 irumenta
379 792 553 864 ceterosque
568 787 683 848 iructus
696 788 858 866 patientius
868 805 955 866 quam
965 805 1020 865 pro

20 872 101 932 solita
116 871 329 933 Germanorum
344 874 450 934 inertia
464 873 607 936 laborant.
636 874 687 935 sed
702 882 732 935 et
745 892 826 936 mare
841 883 1020 953 scrutantur,

20 978 51 1018 ac
66 959 120 1019 soli
134 961 266 1020 omnium
276 961 421 1041 sucinum,
437 962 515 1040 quod
527 964 584 1040 ipsi
594 962 725 1041 glaesum
735 970 848 1042 vocant,
863 962 1020 1023 intervada

20 1054 103 1125 atque
127 1049 157 1107 in
181 1049 245 1126 ipso
268 1047 355 1108 litore
379 1049 488 1128 legunt.
525 1069 580 1110 uec
599 1068 674 1128 quae
692 1057 796 1110 natura
816 1067 927 1128 quaeve
944 1052 1060 1113 ration

19 1137 123 1216 gignat,
137 1143 171 1196 ut
185 1133 327 1216 barbaris,
342 1139 508 1215 quaesitum
527 1145 761 1218 compertumve3
780 1137 831 1198 diu
847 1139 1020 1215 quinetiam

21 1224 94 1282 inter
108 1231 207 1284 cetera
221 1225 414 1285 eiectamenta
428 1228 519 1286 maris
533 1223 660 1306 iacebat,
681 1225 775 1286 donec
789 1225 905 1285 luxuria
919 1233 1021 1285 nostra

20 1309 97 1370 dedit
115 1328 230 1372 nomen.
262 1313 335 1390 ipsis
356 1314 388 1373 in
402 1311 482 1373 nullo
497 1330 568 1374 usu:
586 1313 660 1374 rude
674 1312 796 1393 legitur,
814 1313 940 1373 informe
954 1331 1019 1390 per·

19 1398 123 1477 fertur,
141 1400 331 1477 pretiumque
349 1402 491 1461 mirantes
510 1402 667 1480 accipiunt.
705 1419 809 1462 sucum
824 1410 922 1462 tamen
936 1400 1019 1461 arbo·

19 1504 84 1546 rurn
97 1503 161 1546 csse
175 1485 342 1568 intellegas,
360 1491 429 1567 quia
444 1495 561 1549 terrena
576 1489 719 1568 quaedam
734 1497 822 1567 atque
836 1491 925 1549 etiam
939 1489 1018 1549 volu·
1034 1514 1060 1554 oo

20 1575 78 1632 cria
95 1573 229 1635 animalia
243 1572 418 1654 plerumque
436 1578 625 1657 interiacent,
644 1595 719 1655 quae
734 1576 881 1655 implicata
895 1575 1019 1637 humore

20 1679 83 1720 mox
97 1660 274 1722 durescente
288 1666 410 1724 materia
424 1663 593 1726 cluduntur.
608 1665 779 1724 fecundiora
793 1665 885 1741 igitur
899 1681 1018 1723 nemora

19 1747 156 1828 lucosque
180 1751 258 1810 sicut
281 1748 410 1811 Orientis
433 1755 567 1832 secretis,
597 1752 648 1812 ubi
671 1759 737 1812 tura
760 1750 947 1828 balsamaque
971 1767 1019 1810 su-

20 1836 135 1918 dantur,
157 1838 199 1898 ita
218 1835 387 1899 Occidentis
409 1838 514 1900 insulis
538 1841 685 1918 terrisque
711 1841 809 1899 inesse
832 1837 1018 1918 crediderim,

21 1941 89 2001 quae
104 1925 193 1985 vicini
207 1923 278 1985 solis
293 1926 384 1986 radiis
398 1943 537 2004 expressa
552 1934 640 2005 atque
654 1925 796 2004 liquentia
810 1928 840 1986 in
851 1927 1018 2004 proximum
1032 1949 1058 1992 as

20 2029 95 2070 mare
109 2010 249 2072 labuntur
266 2031 300 2073 ac
313 2016 343 2073 vi
357 2021 565 2092 tempestatum
578 2016 610 2075 in
625 2013 746 2075 adversa
759 2013 846 2074 litora
860 2013 1018 2074 exundant.

21 2100 44 2158 si
56 2107 189 2160 naturam
203 2102 300 2161 sucini
315 2101 431 2162 admoto
446 2104 507 2180 igni
521 2109 656 2183 temptes,
675 2105 706 2162 in
722 2101 841 2163 modum
856 2101 957 2162 taedae
972 2119 1018 2162 ac·

21 2187 150 2249 cenditur
165 2187 275 2267 alitque
289 2188 433 2250 dammam
448 2192 587 2268 pinguem
602 2198 632 2250 et
646 2190 787 2271 olentem;
800 2208 867 2251 mox
883 2192 960 2250 utin
974 2192 1017 2268 pi·

21 2293 78 2334 cem
93 2277 256 2337 resinamve
271 2275 417 2338 lentescit.

80 2363 241 2425 Suionibus
260 2363 396 2425 Sitonum
413 2374 517 2444 gentes
536 2368 755 2427 continuantur.
793 2373 890 2425 cetera
905 2363 1016 2424 similes
1031 2390 1057 2432 ³0

22 2467 73 2508 uno
88 2450 238 2531 differunt,
253 2452 331 2530 quod
346 2453 453 2514 icmina
468 2453 648 2514 dominatur:
663 2455 694 2512 in
709 2460 823 2514 tantum
836 2468 895 2511 non
906 2451 1016 2511 modoa

20 2535 148 2600 libertate
163 2538 215 2600 sed
231 2543 318 2600 etiam
333 2559 348 2600 a
363 2543 504 2602 servitute
520 2540 707 2618 degenerant.

78 2624 130 2687 46.
145 2625 200 2687 Hic
211 2625 336 2689 Suebiae
345 2629 421 2690 iinis.
439 2628 637 2689 Peucinorum
647 2626 892 2704 venedorumqne
903 2634 932 2686 et
942 2625 1016 2687 Fen·

19 2739 100 2807 fame,
118 2742 195 2797 ultra
212 2745 282 2798 iani.
301 2745 359 2799 nat.
378 2743 548 2816 Nipperdey)
577 2746 582 2812 1
610 2745 687 2813 45,7
707 2742 841 2799 estiorum
859 2745 885 2810 b,
904 2745 938 2813 cf.
959 2745 1016 2810 Mf.

16 2827 41 2878 p.
59 2818 117 2870 225
138 2815 142 2882 Ι
163 2813 315 2868 adiuuniur
334 2813 366 2870 0:
387 2815 538 2870 abluuntur
554 2815 603 2870 Bb
627 2818 632 2885 1
658 2821 692 2870 10
710 2817 840 2884 omnique
859 2814 974 2884 Lipsius
993 2821 1017 2869 et

18 2883 69 2938 cod.
90 2883 196 2940 roias
220 2884 398 2953 omniumque
416 2885 625 2954 (hominumque
648 2886 783 2954 Urlicbc)i
802 2893 834 2941 11
853 2885 949 2939 hostes
969 2883 993 2938 0
1010 2884 1015 2953 Ι

20 2957 48 3005 13
65 2953 126 3019 foed.
146 2952 294 3009 elaborent
313 2957 318 3024 1
340 2961 373 3009 14
391 2955 534 3011 succinum
553 2959 569 3011 b
589 2959 594 3026 1
614 2955 723 3026 glesum
741 2957 806 3012 iibri
826 2958 831 3026 Ι
853 2962 885 3010 19
905 2969 1016 3009 succum

18 3021 59 3076 bO
75 3024 80 3091 Ι
99 3028 132 3078 21
152 3022 229 3078 iuius
247 3025 387 3080 tralucent
404 3026 496 3096 Berpb
516 3030 520 3096 Ι
541 3032 574 3081 23
593 3026 676 3081 thura
693 3046 708 3083 c
723 3029 728 3095 Ι
744 3027 880 3080 sudantur
900 3025 1016 3103 Ocean-

19 3091 80 3146 dani
97 3094 146 3149 Bo
162 3096 167 3164 Ι
183 3101 217 3149 25
236 3110 307 3162 quoe
325 3094 423 3168 vicini]
443 3096 511 3164 quie
529 3095 627 3152 sucina
646 3096 889 3162 OoocHofmaoo,
908 3108 1015 3148 sucina·

19 3177 65 3227 que
83 3163 276 3233 Reifferscheid
291 3167 296 3234 Ι
312 3164 407 3221 rudius
425 3166 526 3237 Boo}
547 3184 684 3237 expresse,
704 3181 738 3220 ea
756 3163 913 3234 regelaniia
926 3162 1015 3218 Lach-

19 3237 166 3303 menotio
185 3234 325 3303 labuntur,
345 3252 380 3290 ea
397 3237 426 3291 vi
444 3238 614 3361 Dd‘derleinJ
629 3235 752 3291 exudani
767 3235 808 3304 01
824 3241 858 3289 27
877 3234 942 3302 igne
960 3233 1019 3290 BG

20 3299 106 3370 libies
124 3303 206 3360 Boo
233 3308 237 3371 i
267 3311 380 3362 30-32
400 3306 584 3363 Suionibus..
616 3307 768 3375 egeneroni
786 3305 939 3386 H3Scbt'ita
953 3312 1016 3375 post

17 3388 68 3442 cop.
79 3378 114 3430 44
127 3377 261 3444 ponenda
279 3383 367 3433 censet
381 3381 386 3445 t
402 3383 436 3433 30
455 3378 597 3435 sithonum
616 3379 737 3444 bigone
757 3377 936 3431 coniunuaiur
953 3377 1016 3432 Bo¹

19 3441 111 3510 14111
132 3443 163 3500 hi
183 3446 198 3501 b
220 3449 225 3515 Ι
244 3445 308 3500 finis
329 3447 511 3504 Puteolanus:
529 3450 597 3503 fines
618 3446 872 3518 lveneiorumque,
892 3448 1015 3504 emendo·

17 3513 50 3568 eit
66 3515 216 3572 Rhenanus

802 3605 854 3656 to*
