2474 4068
218 195 283 262 302
571 190 744 248 CORNELII
762 191 882 246 TAClTl

219 345 285 421 opia
305 341 471 419 hominum,
490 341 542 401 sed
562 339 675 402 desidia
692 332 855 400 iuventutis
874 346 904 398 et
921 337 1106 418 neglegentia
1123 353 1229 417 parent

218 438 282 491 tum
303 438 334 491 et
351 430 507 490 inscientia
521 429 767 507 praecipientium
781 434 811 488 et
825 426 971 488 oblivione
986 428 1078 487 moris
1093 423 1229 504 antiquil

219 537 295 597 qnae
314 517 388 579 mala
407 518 537 596 primum
561 519 592 577 in
614 515 689 576 urhe
704 524 779 596 nata,
797 533 865 575 mox
879 532 934 593 per
947 513 1060 575 ltaliam
1074 515 1150 589 lusa,
1170 517 1229 600 iarn

219 609 250 666 in
269 608 436 684 provincias
454 611 582 665 manant.
607 621 784 683 quamquam
802 611 900 664 restra
913 602 997 664 robis
1012 605 1130 662 notiora
1145 610 1229 666 suntt

181 717 206 756 ιο
220 711 274 772 ego
289 695 324 754 de
339 693 412 754 urhe
427 701 457 752 et
471 692 559 752 huius
569 694 699 770 propriis
709 710 743 752 ac
757 691 923 752 vernaculis
933 692 1011 752 vitiis
1023 691 1137 771 loquar,
1153 707 1229 769 quaa

220 789 303 842 natos
323 783 422 841 statim
441 781 592 858 excipiunt
611 788 642 840 et
659 797 713 858 per
732 780 864 858 singulos
883 781 986 840 aetatis
1000 778 1110 857 gradus
1125 796 1229 839 cumua

219 870 330 949 lantur,
354 870 380 928 si
401 869 486 947 prius
509 868 546 928 de
569 870 725 928 severitate
748 886 782 928 ac
805 867 960 946 disciplina
978 869 1125 928 maiorum
1149 868 1229 934 circa

220 956 388 1019 educandos
403 956 632 1034 formandosque
646 954 755 1016 liberos
769 974 863 1035 pauca
879 956 1062 1034 praedixero.
1086 973 1152 1015 nam
1166 957 1229 1032 prit

220 1046 287 1107 dem
306 1063 379 1106 suos
398 1047 506 1123 cuique
527 1043 613 1124 lilius,
632 1062 669 1104 ex
688 1051 1013 1123 castaparentenatus,
1031 1061 1093 1103 non
1108 1041 1229 1120 lucella

180 1157 206 1198 15
221 1141 336 1213 emptae
350 1134 485 1213 nutricis,
499 1133 551 1192 sed
566 1133 678 1210 gremio
694 1150 727 1192 ac
742 1133 810 1192 sinn
824 1133 927 1192 matris
936 1130 1127 1212 educabatur,
1141 1131 1229 1204 cuius

219 1223 379 1301 praecipua
397 1220 462 1282 laus
480 1228 545 1281 erat
562 1223 641 1281 tueri
660 1220 779 1280 domum
798 1225 828 1279 et
845 1221 990 1279 inservire
1004 1218 1115 1280 liberis.
1139 1217 1229 1296 eliget

220 1309 308 1370 batur
326 1315 424 1369 autem
449 1310 542 1369 maior
566 1308 662 1386 aliqua
685 1315 766 1368 natu.
779 1308 958 1386 propinqua,
986 1308 1072 1367 cuins
1094 1306 1229 1384 probatis

221 1398 420 1475 spectatisque
445 1395 577 1455 moribus
600 1397 697 1456 omnis
720 1396 852 1456 eiusdem
871 1394 997 1454 familiae
1011 1393 1130 1455 suboles
1149 1397 1229 1456 comi

220 1485 401 1563 mitteretur3
420 1499 520 1542 coram
539 1501 597 1561 qua
614 1501 712 1563 neque
731 1484 831 1543 dicere
850 1483 893 1543 las
907 1490 971 1543 erat
985 1482 1063 1561 quod
1077 1490 1165 1561 turpe
1184 1483 1229 1556 dil

182 1593 208 1632 ao
222 1579 281 1652 ctu,
295 1588 392 1649 neque
407 1569 503 1630 iacere
519 1570 597 1649 quod
612 1570 802 1631 inhonestum
820 1571 900 1632 factu
918 1570 1077 1631 rideretur.
1114 1587 1148 1630 ac
1166 1587 1229 1630 non

221 1661 318 1721 studia
336 1657 422 1719 modo
441 1675 601 1739 curasque,
621 1659 672 1719 sed
687 1660 878 1720 remissiones
892 1660 980 1720 ctiam
998 1657 1140 1737 lususque
1154 1673 1229 1737 puer

220 1766 324 1809 rorum
338 1748 492 1808 sanctitate
507 1747 631 1825 quadam
646 1765 679 1808 ac
693 1747 871 1808 verecundia
886 1746 1077 1826 temperabat.
1099 1748 1142 1806 sic
1157 1745 1229 1806 Cor*

220 1835 328 1896 neliam
338 1835 547 1916 Gracchorum,
561 1837 604 1895 sic
618 1834 767 1896 Aureliam
781 1835 923 1915 Caesaris,
939 1837 982 1896 sic
996 1835 1092 1895 Atiam
1101 1835 1229 1913 Augusti

221 1923 385 2003 praefuisse
418 1922 643 1985 educationibus
674 1943 707 1984 ac
734 1923 911 2002 produxisse
938 1925 1089 2002 principes
1116 1922 1229 1984 liberos

182 2032 208 2073 rs
222 2013 398 2088 accepimus.
458 2029 532 2090 quae
564 2011 719 2090 disciplina
751 2029 785 2072 ac
818 2013 959 2072 severitas
988 2028 1024 2071 eo
1051 2010 1229 2090 pertinebat}

221 2106 256 2159 ut
275 2101 391 2158 sincera
409 2106 439 2158 ct
456 2100 572 2176 integra
590 2106 620 2158 et
635 2099 723 2160 nullis
737 2099 931 2178 pravitatibus
945 2099 1060 2160 detorta
1073 2100 1163 2159 unius
1177 2117 1229 2160 cue

221 2188 328 2264 iusque
351 2191 456 2245 natura
475 2193 536 2245 toto
557 2187 655 2245 statim
674 2195 794 2265 pectore
818 2189 965 2265 arriperet
982 2194 1060 2248 artes
1079 2185 1229 2266 honestas,

222 2282 253 2336 et
271 2275 332 2334 sive
347 2273 460 2333 adrem
479 2272 635 2333 militarem
654 2276 715 2334 sive
735 2275 772 2335 ad
786 2277 861 2336 iuris
875 2276 1029 2336 scientiam
1044 2276 1104 2335 sive
1119 2274 1156 2335 ad
1170 2275 1229 2342 elot

222 2365 359 2444 quentiae
378 2361 509 2423 studium
527 2359 706 2444 inclinasset,
724 2362 755 2422 id
769 2361 865 2423 solum
884 2370 993 2444 ageret,
1010 2363 1041 2424 id
1055 2364 1229 2428 universum

184 2471 209 2514 ao
222 2451 364 2512 hauriret.
1228 2467 1229 2488 ³

288 2536 341 2601 29.
358 2538 398 2599 At
414 2555 495 2599 nnnc
512 2545 600 2599 natus
618 2538 715 2599 infans
736 2538 887 2616 delegatur
902 2537 1061 2600 Graeculae
1076 2537 1165 2601 alicui
1178 2557 1229 2599 ana

223 2627 319 2707 cillae,
339 2627 387 2686 cui
406 2626 575 2704 adiungitur
595 2645 673 2687 unus
687 2635 738 2687 aut
752 2626 826 2687 alter
841 2645 877 2686 cx
891 2625 1028 2687 omnibus
1043 2629 1149 2706 servis,
1167 2627 1229 2705 ple·

223 2731 349 2791 rumque
364 2712 523 2773 vilissimus
537 2732 592 2773 nec
607 2717 744 2792 cuiquam
759 2717 837 2774 serio
849 2715 1015 2774 ministerio
1025 2714 1229 2776 adcommoda-¹

223 2807 281 2861 tus.
313 2799 420 2859 horum
439 2799 545 2860 fabulis
564 2808 594 2860 et
612 2803 764 2862 erroribus
782 2803 879 2862 teneri
898 2804 997 2863 statim
1015 2809 1045 2862 et
1063 2803 1154 2862 rudes
1168 2805 1229 2862 aui«

295 2949 370 3016 28,9
389 2949 420 3004 in
437 2965 486 3031 om.
503 2951 509 3017 Ι
526 2956 559 3004 10
577 2949 795 3023 huiuaSpettpelr
814 2952 859 3006 hie
878 2951 948 3020 (eius
959 2953 1073 3022 Μαίων)
1089 2956 1094 3022 Ι
1112 2959 1144 3008 13
1163 2969 1229 3008 nem

228 3022 427 3078 Weissenborn:
447 3036 503 3074 aem
523 3023 528 3089 Ι
550 3026 583 3076 14
602 3021 674 3076 cella
694 3022 770 3092 Pet,
789 3023 861 3078 celle
880 3023 993 3093 (cellula
1010 3024 1149 3092 Bdltreus)
1169 3029 1172 3090 Ι
1196 3031 1229 3078 15

224 3091 323 3148 sedin
340 3092 482 3173 Aodtcseo
511 3093 515 3160 Ι
545 3098 579 3147 16
597 3097 661 3161 poet
683 3091 779 3147 liberie
793 3095 888 3174 posuit
904 3094 1072 3174 Bernhardy
1095 3095 1177 3150 aerbo
1196 3111 1229 3148 ec

223 3163 802 3314 ”ttutttttlttlttlutttilttt
813 3167 1227 3304 ”illidiililiilii‘iii

234 3304 259 3355 ie
277 3303 439 3358 Rheoaoos:
462 3321 493 3358 m
510 3303 596 3358 nullis
611 3307 617 3374 Ι
633 3310 667 3359 ts
685 3320 744 3358 rem
764 3305 829 3360 OF:
849 3322 898 3360 om.
919 3304 977 3373 Bo,
993 3306 1059 3373 fort.
1076 3305 1226 3360 militarem

223 3387 290 3439 rem,
310 3373 345 3440 cf.
363 3373 402 3426 H.
420 3379 450 3439 2,
464 3379 501 3429 32
518 3378 522 3438 1
538 3375 615 3440 29‚l
633 3373 757 3430 moribus
775 3377 926 3445 discipulus
945 3375 1077 3444 Olcsscoi,
1096 3376 1226 3430 sermoni·

224 3443 276 3494 bus
298 3441 326 3496 J.
346 3441 375 3495 J.
396 3442 576 3511 Cornelissen,
603 3446 638 3511 cf.
659 3446 768 3500 Minoe.
787 3445 848 3500 Fet.
862 3449 901 3502 23
929 3448 933 3514 Ι
963 3446 992 3499 ot
1009 3444 1115 3500 uirides
1135 3448 1226 3515 (uires)

224 3513 314 3564 tenen
338 3510 416 3577 labri,
442 3513 489 3566 scd
512 3514 540 3565 et
562 3512 667 3568 uirides
690 3515 722 3569 io
745 3516 761 3569 b
784 3516 912 3582 deletum
938 3516 1154 3586 dittoproplu'om
1176 3533 1229 3573 esse
