2490 4066
211 177 276 242 288
560 172 863 228 oonnnnnrncnr

211 331 286 401 ctus,
300 340 368 382 cum
382 321 541 399 Vipstanus
554 320 686 381 Messalla
705 319 874 381 cubiculum
890 318 980 396 [eius]
995 321 1149 398 ingressus
1163 329 1226 398 est,

212 411 438 488 suspicatusque
462 428 498 469 ex
519 410 582 486 ipsa
601 410 765 468 intentione
784 407 968 486 singulorum
987 407 1120 468 altiorem
1140 410 1227 468 inter

212 516 263 558 eos
284 515 349 558 esse
368 514 547 575 sermonem,
570 491 652 555 ‘num
665 513 771 574 parum
784 490 988 574 tempestivus'
1003 497 1101 574 inquit
1115 491 1225 574 ‘inter-

185 587 279 651 aveni
293 593 440 646 secretum
454 583 609 644 consilium
620 591 670 643 aut
680 601 785 644 causae
797 582 921 643 alicuius
931 582 1225 644 meditationemtra-

212 667 394 734 etantihus?’

278 755 421 838 Minime,
446 753 579 818 minime'
599 759 696 835 inquit
716 756 884 838 Secundus,
904 753 1003 836 ‘atque
1022 757 1095 818 adeo
1112 757 1225 818 vehem

211 848 356 907 maturius
370 847 591 925 intervenisses3
612 844 787 906 delectasset
801 847 879 904 enim
894 851 923 905 te
938 852 968 905 et
981 845 1054 922 Apri
1067 847 1162 906 nostri
1172 863 1223 906 ac-

212 935 417 994 curatissimus
432 951 538 1013 sermo,
553 950 620 993 cum
630 932 795 994 Maternum
809 939 842 992 ut
857 950 943 993 omne
952 934 1103 1011 ingenium
1112 951 1147 993 ac
1157 941 1223 994 stu·

173 1048 199 1088 10
214 1022 295 1082 dium
314 1039 400 1082 suum
415 1021 450 1081 ad
466 1038 569 1081 causas
584 1019 710 1098 agendas
725 1027 912 1080 converteret
926 1020 1097 1081 exhortatus
1111 1029 1169 1100 est,
1191 1031 1223 1081 et

212 1109 337 1170 Materni
363 1127 417 1187 pro
446 1105 627 1170 carminibus
655 1109 717 1168 suis
743 1107 832 1188 laeta,
854 1115 946 1186 utque
974 1114 1076 1185 poetas
1099 1109 1222 1168 delendi

213 1196 348 1277 decebat,
382 1196 537 1257 audentior
565 1204 595 1257 et
620 1202 775 1273 poetarum
803 1213 890 1273 quam
916 1203 1066 1256 oratorum
1094 1198 1223 1278 similior

213 1280 328 1345 oratio?

279 1367 337 1430 ‘Me
351 1366 432 1430 vero’
447 1371 544 1447 inquit
559 1366 628 1446 ‘[et]
644 1385 742 1429 sermo
761 1371 817 1430 iste
836 1370 950 1430 inlicita
970 1369 1119 1450 voluptate
1139 1371 1221 1431 adle-

174 1484 199 1525 ιε
213 1460 317 1536 cisset,
331 1464 419 1536 atque
433 1457 463 1516 id
477 1459 575 1534 ipsum
588 1456 728 1537 delectat,
742 1456 821 1534 quod
836 1475 901 1539 vos,
914 1459 970 1518 viri
983 1460 1088 1536 optimi
1100 1465 1132 1518 et
1146 1467 1221 1520 tem·

213 1563 319 1624 porum
341 1552 512 1605 nostrorum
541 1553 687 1624 craterae,
715 1561 774 1604 non
801 1544 969 1605 forensibus
992 1552 1106 1606 tantum
1129 1565 1221 1625 nego·

213 1635 263 1694 tiis
284 1640 314 1693 et
328 1633 535 1694 declamatorio
550 1631 647 1693 studio
661 1633 779 1710 ingenia
793 1639 890 1693 restra
904 1635 1062 1714 exercetis,
1082 1633 1134 1694 sed
1154 1637 1221 1694 eius

213 1721 293 1781 modi
311 1723 399 1782 etiam
418 1721 633 1798 disputationes
652 1719 814 1800 adsumitis,
834 1738 907 1798 quae
926 1728 956 1781 et
969 1723 1120 1799 ingenium
1136 1721 1223 1782 alunt

214 1807 1221 1870 eteruditionisaclitterarumiucundissimumoblectamentumcum

174 1922 200 1963 so
215 1895 305 1977 vobis,
321 1899 372 1975 qui
385 1899 441 1957 ista
456 1897 620 1976 disputatis,
635 1895 780 1974 adserunt,
800 1903 863 1955 tum
878 1897 966 1955 etiam
979 1898 1025 1974 iis,
1040 1897 1075 1956 ad
1091 1915 1222 1976 quorum

215 2003 301 2045 aures
314 1986 512 2062 pervenerint.
539 1986 638 2062 itaque
656 1983 755 2043 hercle
769 2001 828 2043 non
842 1985 940 2044 minus
954 1983 1075 2061 probari
1088 1984 1174 2046 video
1190 1989 1221 2046 in

214 2079 258 2151 te,
282 2071 430 2151 Secunde,
458 2070 536 2148 quod
563 2070 620 2130 Iuli
641 2070 772 2130 Africani
797 2073 884 2131 vitam
910 2071 1111 2149 componendo
1135 2091 1220 2152 spem

214 2157 384 2218 hominibus
398 2157 495 2218 iecisti
506 2157 637 2234 plurium
646 2159 710 2218 eius
719 2158 798 2217 modi
809 2157 960 2239 librorum,
976 2177 1064 2238 quam
1075 2163 1222 2222 damnari

214 2249 246 2306 in
264 2245 355 2324 Apro,
375 2245 453 2323 quod
472 2244 603 2305 nondum
622 2243 658 2304 ab
673 2244 855 2306 scholasticis
870 2249 1079 2308 controversiis
1094 2251 1221 2309 recessit

176 2359 202 2399 ss
216 2341 246 2394 et
260 2335 353 2394 otium
365 2351 452 2394 suurn
460 2332 571 2393 mavult
581 2349 722 2393 novorum
733 2332 884 2393 rhetorum
895 2352 977 2394 more
987 2353 1074 2413 quarn
1084 2344 1219 2398 veterum

216 2429 365 2482 oratorum
380 2415 579 2482 consumers.’

284 2506 334 2570 15.
353 2508 428 2569 Tum
445 2509 537 2587 Aper:
561 2504 632 2568 ‘non
653 2508 772 2588 desinis,
791 2508 933 2589 Messalla,
948 2517 1046 2570 vetera
1060 2518 1175 2571 tantum
1192 2520 1222 2571 et

216 2599 335 2674 antiqua
355 2598 470 2676 mirari,
492 2603 662 2656 nostrorum
680 2604 777 2656 autem
796 2603 962 2674 temporum
978 2597 1074 2658 studia
1088 2599 1220 2659 inridere

216 2692 304 2762 atque
324 2691 521 2744 contemnere.
545 2701 613 2744 nam
630 2683 709 2743 hunc
726 2691 810 2743 tuum
824 2702 990 2745 sermonem
1005 2703 1091 2763 saepe
1107 2689 1220 2766 excepi,

216 2788 284 2831 cum
304 2770 411 2830 oblitus
431 2777 461 2830 et
478 2777 546 2830 tuae
565 2777 594 2830 et
613 2770 712 2830 fratris
731 2774 776 2830 tui
794 2770 978 2850 eloquentiae
996 2775 1143 2833 neminem
1163 2774 1220 2834 hoc

190 2882 203 2923 s
217 2867 349 2936 tempore
359 2863 505 2918 oratorem
516 2874 581 2916 esse
591 2857 786 2918 contenderes
796 2877 905 2936 parem
915 2862 1052 2941 antiquis,
1067 2877 1111 2941 eo,
1121 2861 1220 2940 credo,

287 2992 362 3060 14‚a
383 3008 445 3046 cum
464 2991 513 3046 alc
532 2991 592 3045 tum
616 2991 790 3060 {Vipstanus
811 2992 838 3050 G.
857 2993 892 3047 A.
912 2993 1063 3062 Repertus:
1081 2992 1220 3049 Vibanius

216 3061 312 3132 BOF,
330 3060 462 3116 Libanius
481 3062 496 3116 h
521 3063 527 3130 Ι
552 3061 636 3131 [eius]
655 3061 768 3117 Ernesti
792 3065 796 3127 1
822 3067 837 3116 6
856 3063 906 3116 aut
923 3079 984 3118 cos:
1004 3065 1033 3117 et
1048 3066 1052 3133 1
1070 3069 1084 3117 7
1104 3063 1219 3118 minime

215 3135 293 3189 acatal
310 3133 338 3187 B
353 3134 357 3201 Ι
375 3139 407 3187 10
426 3134 455 3186 et
472 3132 600 3187 hortatus
617 3133 621 3200 Ι
639 3137 671 3186 12
690 3131 832 3188 ardentior
848 3134 975 3188 Bo’c'hrene
990 3133 994 3204 1
1012 3139 1045 3187 14
1063 3149 1128 3188 uere
1144 3137 1149 3202 l
1166 3135 1220 3205 [et]

215 3219 265 3258 cos
280 3205 285 3272 l
300 3202 354 3256 iste
371 3218 433 3257 nos:
451 3201 513 3272 ipse
529 3205 533 3269 Ι
551 3208 583 3257 16
602 3200 704 3256 summi
723 3203 847 3257 oratores
865 3219 915 3258 nos
932 3205 1069 3273 quotidem
1084 3206 1089 3273 Ι
1106 3210 1138 3258 19
1159 3220 1219 3258 eru-

216 3271 336 3326 ditiones
353 3274 406 3340 122
425 3271 550 3326 Africani
558 3273 727 3342 Nipperdey:
748 3271 859 3327 asiatici
874 3277 879 3341 Ι
894 3279 928 3328 23
948 3273 1075 3327 damnari
1088 3277 1219 3344 supplevi,

215 3341 369 3410 improbari
387 3344 451 3398 aad.
469 3342 612 3397 Andrcecn
627 3343 631 3409 Ι
647 3347 682 3396 24
700 3357 717 3396 a
736 3342 901 3411 0F115‚1
921 3360 978 3398 non
997 3346 1026 3399 h:
1045 3361 1112 3397 num
1130 3344 1223 3400 BCF

216 3417 378 3479 (numquam
395 3412 531 3482 Bc's'hrens)
556 3415 560 3477 Ι
585 3417 601 3465 b
619 3426 716 3480 parem
734 3413 797 3467 add.
816 3411 933 3481 Leptine
949 3415 1031 3481 (idam
1048 3415 1130 3469 etiam
1148 3417 1217 3469 coni.

216 3481 409 3552 contenderes,
428 3483 512 3550 atque
531 3480 631 3551 ideo),
651 3498 689 3535 aa
706 3495 773 3551 prae
792 3481 936 3550 antiquis?

8 3706 266 4020 Ι
