2474 4068
194 191 259 256 298
538 181 843 240 coamenrscrrr

195 339 274 399 mitis
289 335 436 414 adlectus,
460 335 503 394 sic
520 331 687 393 libertatem
705 333 885 411 temperatis,
909 339 943 391 ut
957 331 1045 392 etiam
1060 333 1086 392 si
1100 340 1211 392 nostra

194 425 304 488 iudicia
317 423 483 501 malignitas
503 428 533 482 et
546 420 656 481 invidia
674 419 845 499 tardaverit,
869 437 974 479 rerum
992 419 1029 480 de
1053 419 1138 480 robis
1161 421 1209 480 dr-

194 515 274 575 cturi
288 514 348 573 sint
361 511 475 590 posteri
488 504 603 570 nostri?

261 597 313 662 24.
336 598 417 669 Quae
431 615 499 658 cum
512 597 591 674 Aper
605 596 741 676 dixisset,
765 589 1006 673 ‘adgnoscitisne'
1025 597 1124 674 inquit
1143 595 1212 656 Ma-

195 697 300 751 ternus
318 682 388 747 ‘vim
407 692 437 745 et
455 684 591 745 ardorem
605 683 677 761 Apri
695 680 812 744 nostri?
841 701 899 762 quo
913 690 1056 764 torrente,
1076 702 1134 761 quo
1149 686 1210 744 im·

194 784 266 856 petu
285 773 435 835 saeculum
454 779 591 834 nostrum
606 769 750 832 defendit!
774 788 862 850 quam
876 773 996 849 copiose
1011 789 1045 831 ac
1059 774 1139 832 varie
1156 791 1210 832 ve-

195 865 274 925 xarit
296 859 446 940 antiquos!
479 867 588 940 quanto
611 877 672 920 non
691 858 786 920 solum
804 861 923 937 ingenio
942 877 976 920 aa
995 861 1116 940 spiritu,
1150 861 1210 920 sed

167 953 284 1015 setiam
303 949 469 1012 eruditione
487 955 518 1009 et
535 956 598 1009 arte
617 946 725 1007 abillis
743 954 895 1007 mutuatus
917 954 963 1008 est
976 965 1031 1026 per
1045 965 1120 1025 quae
1133 966 1210 1008 mox

195 1041 276 1118 ipsos
298 1035 472 1099 incesseret!
506 1044 591 1097 tuum
609 1042 716 1116 tamen,
735 1033 877 1115 Messalla,
895 1037 1076 1115 promissum
1098 1038 1210 1097 immu-
1233 1064 1234 1143 q

196 1136 274 1188 tasse
289 1144 348 1187 non
362 1125 458 1186 debet.
495 1141 592 1203 neque
610 1125 690 1184 enim
704 1123 890 1184 defensorem
909 1126 1098 1202 antiquorum
1113 1127 1210 1202 exigi-

194 1233 271 1296 mus,
294 1231 349 1275 oec
368 1230 546 1293 quemquam
564 1219 709 1291 nostrum,
732 1229 909 1290 quamquam
927 1211 1014 1272 modo
1028 1211 1140 1272 laudati
1156 1231 1209 1272 su-

195 1321 276 1383 mus,
304 1304 341 1362 iis
360 1319 434 1380 quos
453 1303 616 1361 insectatus
634 1308 681 1361 est
698 1299 777 1377 Aper
796 1317 1010 1379 comparamus.
1037 1317 1071 1360 ac
1085 1317 1123 1360 ne
1138 1302 1209 1378 ipse

156 1412 182 1452 ao
197 1389 317 1470 quidem
330 1391 370 1448 lta
389 1390 487 1468 sentit,
520 1387 572 1448 sed
591 1405 673 1449 more
691 1396 791 1449 vetere
811 1395 842 1448 et
858 1405 875 1447 a
894 1389 1004 1448 nostris
1018 1387 1210 1467 philosophis
1234 1383 1235 1448 l

196 1494 284 1555 saepe
298 1475 446 1536 celebrato
461 1477 588 1553 sumpsit
598 1474 655 1535 sibi
669 1482 772 1536 eontra
786 1475 904 1536 dicendi
917 1483 1025 1554 partes.
1048 1477 1141 1554 igitur
1155 1494 1210 1536 ex·

196 1582 299 1644 prome
317 1563 403 1624 nobis
421 1580 481 1623 uon
499 1562 698 1624 laudationem
716 1566 906 1642 antiquorum
930 1557 1018 1646 (satis
1037 1565 1116 1623 enim
1135 1563 1209 1624 illos

196 1654 272 1714 lama
291 1669 344 1714 sua
362 1644 489 1734 laudat),
514 1650 566 1712 sed
585 1668 689 1711 causas
708 1669 762 1712 cur
785 1659 900 1713 tautum
918 1651 955 1711 ab
974 1650 1142 1730 eloquentia
1157 1670 1210 1712 eo·
1235 1702 1236 1742 ,

196 1759 264 1801 rum
282 1741 503 1820 recesserimus,
531 1756 599 1800 eum
617 1741 792 1817 praesertim
810 1747 930 1800 centum
949 1746 979 1799 et
992 1741 1096 1818 viginti
1110 1758 1210 1801 annos

156 1850 182 1891 ss
198 1829 233 1889 ab
247 1830 369 1889 interitu
384 1826 536 1888 Ciceronis
549 1828 581 1887 in
594 1826 675 1887 hunc
689 1826 767 1888 diem
781 1827 859 1888 ellici
873 1829 948 1887 ratio
962 1835 1131 1906 temporum
1145 1828 1210 1888 col-

196 1911 321 1994 legerit?

263 1999 314 2064 25.
333 2003 409 2065 'lum
427 2001 574 2065 Messalla:
598 1999 717 2081 ‘sequar
734 2004 948 2082 praescriptam
966 2021 982 2064 a
1001 2011 1040 2084 te,
1059 2002 1206 2086 Materne,

197 2091 334 2171 lormam3
347 2108 445 2169 neque
459 2092 538 2151 enim
553 2090 604 2151 diu
619 2097 722 2152 1111111
741 2090 899 2151 dicendum
913 2098 959 2151 est
971 2091 1060 2169 Apro,
1079 2095 1130 2169 qui
1145 2096 1210 2171 pri-

196 2195 291 2253 mum,
322 2184 357 2237 ut
379 2179 500 2258 opinor,
532 2179 660 2238 nominis
683 2181 915 2239 controversiam
932 2180 1032 2260 movit,
1056 2187 1209 2258 tamquam

197 2283 303 2344 parom
320 2266 440 2343 proprie
463 2266 579 2343 antiqui
596 2273 785 2346 vocarentur,
809 2283 882 2344 quos
906 2268 978 2327 satis
1003 2274 1119 2327 constat
1138 2276 1209 2329 ante

171 2359 318 2416 scentum
337 2369 429 2413 annos
448 2352 548 2414 luisse.
582 2353 656 2412 mihi
679 2360 775 2414 autem
799 2353 836 2413 de
859 2353 1001 2415 vocabulo
1023 2372 1122 2433 pugna
1145 2373 1210 2416 non

198 2449 257 2522 est;
283 2443 345 2502 sive
372 2440 439 2502 illos
466 2443 603 2520 antiquos
627 2443 688 2501 sive
710 2443 836 2502 maiores
861 2443 922 2502 sive
941 2460 999 2520 quo
1018 2441 1075 2502 alio
1093 2443 1209 2504 mavult

198 2531 317 2590 nomine
341 2528 480 2609 appeMet,
502 2529 573 2590 dum
595 2530 681 2589 modo
705 2530 735 2588 in
759 2529 895 2590 confesso
919 2532 958 2590 sit
980 2531 1209 2592 eminentiorem

197 2617 316 2678 illorum
338 2625 507 2695 temporum
530 2616 727 2696 eloquentiam
747 2616 851 2697 luisse3
875 2635 911 2678 ne
930 2616 974 2678 illi
992 2618 1111 2696 quidem
1127 2622 1211 2697 parti

199 2706 345 2764 sermonis
368 2706 432 2764 eius
455 2722 597 2784 repugno,
621 2701 816 2784 si†oominus
839 2705 948 2765 latetur
975 2705 1076 2784 plures
1095 2707 1210 2767 lormas

269 2801 315 2870 24,
331 2807 347 2855 1
366 2799 425 2854 illis
443 2818 505 2857 nos:
524 2801 593 2872 ipsis
609 2804 614 2870 Ι
630 2810 646 2858 8
664 2805 791 2857 nostrum
804 2803 961 2859 Acidaliae:
979 2805 1139 2858 nostrorum
1158 2806 1212 2874 (ast

197 2873 357 2926 nostrorum
374 2873 561 2940 temporumi)
582 2875 586 2942 Ι
608 2879 623 2927 9
643 2888 712 2941 quos
731 2871 814 2927 modo
832 2873 985 2928 insectatus
1005 2873 1085 2944 OF}
1106 2881 1140 2929 10
1159 2891 1211 2929 ue·

197 2941 264 3010 teri,
287 2958 334 2997 ene.
354 2940 445 2996 Ritter
472 2943 506 3009 cf.
525 2947 561 2998 19
579 2947 605 2998 et
622 2947 660 3000 28
695 2945 700 3011 Ι
732 2943 852 2997 uestriss
863 2943 926 3012 OF,
955 2943 1081 3016 [nostris]
1110 2945 1212 3000 Mure-

198 3019 251 3081 tus,
269 3011 411 3067 veteribus
428 3012 588 3084 Nipperdey
604 3016 608 3082 Ι
625 3019 658 3067 11
678 3012 748 3068 istos
766 3014 815 3070 Bb
831 3016 835 3083 Ι
853 3020 885 3069 13
903 3014 934 3069 in
951 3015 1062 3069 tantum
1081 3013 1158 3084 OF}
1177 3021 1213 3070 14

198 3081 363 3138 recessimus
381 3084 429 3138 Bb
458 3084 464 3152 Ι
490 3085 555 3152 fort.
575 3085 687 3138 centum
704 3086 815 3138 tantum
834 3085 862 3138 et
882 3087 886 3153 Ι
908 3090 941 3139 ts
961 3084 1211 3211 [11111ὲῆ1111111,

198 3154 264 3209 Res.
283 3155 316 3209 dc
334 3153 439 3210 i’Instr.
453 3155 530 3224 publ.
550 3171 584 3210 co
595 3155 680 3224 Belpe
697 3159 771 3210 1865
785 3159 881 3225 paca
897 3156 1026 3225 1111111111
1067 3157 1210 3228 chaltiupl

200 3222 343 3291 colligitur
363 3221 525 3293 0111214
544 3225 687 3280 constaret
704 3225 752 3293 Fi
769 3233 784 3279 6
803 3225 873 3280 istos
891 3230 916 3281 et
935 3232 950 3281 8
969 3227 1088 3280 istorum
1104 3227 1156 3282 Bb
1172 3229 1177 3295 Ι
1195 3235 1212 3283 9

199 3292 225 3348 si
244 3293 369 3347 eominus
389 3294 564 3365 (comminus)
584 3296 662 3363 iatri,
689 3310 745 3362 que
764 3294 795 3348 in
813 3311 958 3350 commune
975 3296 1125 3363 Bo'ttielaer,
1154 3312 1214 3365 qus

199 3377 256 3416 non
274 3362 334 3417 sine
353 3362 483 3418 convitiis
493 3364 597 3433 Haase,
617 3365 642 3419 si
659 3363 831 3419 comminans
849 3368 951 3422 Nissen
963 3367 1062 3436 eope,
1075 3372 1107 3422 ut
1119 3369 1214 3437 apcius

200 3432 345 3511 explicatio
365 3436 399 3512 (p.
418 3433 450 3486 Z.
469 3435 490 3499 f.
509 3435 566 3488 Ate.
590 3434 671 3491 Wise.
691 3439 765 3492 18411
777 3454 809 3507 p.
823 3441 889 3507 611)
904 3438 973 3493 satia
990 3437 1128 3506 declarat,
1155 3453 1215 3508 qus

201 3515 283 3569 quest
301 3502 444 3556 convictus
462 3503 519 3572 ipae
537 3506 640 3559 terdcci
