2474 4068
220 185 283 249 226
569 182 736 238 CORNELII
754 182 871 238 ΤΑΟΙΊἸ

220 331 374 390 fortuitum
388 336 419 390 et
428 329 559 390 subitum
569 331 682 412 incidit,
696 333 786 392 certis
796 331 909 412 diebus,
924 350 992 393 cum
1002 340 1053 393 aut
1066 333 1219 394 inchoatur

193 417 288 483 sinna
306 427 357 480 aut
374 418 528 498 impletum
554 436 622 480 nam
641 418 761 497 agendis
774 418 864 480 rebus
879 419 936 480 boc
956 422 1218 500 auspicatissimum

218 509 335 567 initium
349 507 483 568 credunt.
511 525 566 567 nec
580 501 695 567 dierum
709 525 874 587 numerum,
893 515 926 568 ut
939 525 1002 588 nos,
1023 509 1076 569 sed
1091 513 1217 571 noctium

219 602 397 674 computant.
421 597 463 656 sic
478 597 674 674 constituunt,
694 597 737 655 sic
750 596 924 656 condicunt:
948 615 1005 656 nox
1020 597 1131 658 ducere
1148 599 1216 660 dien

218 682 343 743 videtur.
366 681 438 742 illud
454 701 489 743 ex
500 681 634 744 libertate
643 685 755 764 vitium,
770 684 848 763 quod
858 702 918 745 non
932 685 1021 745 simul
1035 703 1090 746 nec
1104 693 1141 747 nt
1152 689 1216 748 iussi

220 772 407 850 conveniunt,
422 770 473 830 sed
488 779 517 831 et
531 769 606 830 alter
620 778 655 831 et
664 773 769 831 tertius
779 772 842 832 dies
852 775 1039 834 cunctatione
1050 778 1216 836 coeuntium

178 881 205 922 ao
220 858 392 920 absumitur.
416 865 449 918 ut
462 857 550 918 turba
563 857 683 940 placuit,
697 861 854 922 considunt
868 863 980 922 armati.
1004 862 1157 923 silentium
1172 883 1217 942 per

220 946 397 1026 sacerdotes,
412 946 519 1025 quibus
534 954 597 1007 tum
612 955 641 1008 et
655 948 812 1031 coercendi
825 951 872 1009 ius
886 957 939 1030 est,
958 951 1131 1028 imperatur.
1156 971 1217 1011 mor

219 1053 272 1096 rex
286 1034 332 1096 rel
345 1037 493 1117 princeps,
516 1043 606 1113 prout
619 1043 699 1096 aetas
712 1038 833 1116 cuique,
853 1045 944 1116 prout
962 1037 1113 1119 nobilitas,
1135 1051 1218 1118 prout

220 1123 311 1184 decus
332 1123 474 1184 bellorum
480 1171 489 1205 ,
516 1130 606 1202 prout
625 1124 760 1185 facundia
779 1133 837 1206 est,
859 1125 1028 1206 audiuntur,
1047 1130 1217 1188 auctoritate

222 1211 365 1274 suadendi
378 1213 471 1290 magis
487 1230 574 1290 quam
588 1211 710 1273 iubendi
723 1219 876 1291 potestate.
900 1216 926 1274 si
940 1214 1091 1293 displicuit
1105 1224 1218 1277 senten·

181 1321 207 1362 15
221 1302 274 1380 tia,
299 1300 418 1360 fremitu
437 1307 646 1382 aspernantur3
674 1303 718 1362 sin
737 1300 861 1382 placuit,
889 1301 1012 1363 frameas
1036 1306 1217 1366 concutiunt:

218 1387 477 1450 honoratissimum
492 1389 634 1450 adsensus
647 1406 740 1467 genus
755 1398 800 1450 est
814 1390 903 1450 armis
918 1390 1044 1451 laudare.

289 1473 337 1536 12.
356 1475 439 1537 Licet
459 1477 536 1555 apud
555 1475 711 1538 concilium
729 1495 869 1538 accusare
884 1495 1000 1556 quoque
1014 1486 1045 1539 et
1059 1478 1216 1542 discrimen

219 1565 324 1643 capitis
338 1565 500 1626 intendere.
523 1565 672 1628 distinctio
686 1583 846 1644 poenarum
862 1584 897 1626 ex
911 1566 1025 1628 delicto.
1054 1567 1217 1645 proditores

220 1659 251 1713 et
270 1653 434 1730 transfugas
453 1647 609 1716 arboribus
628 1653 826 1733 suspendunt,
849 1655 969 1732 ignauos
988 1664 1018 1715 ot
1038 1655 1177 1718 imbelles
1196 1667 1216 1717 et

219 1759 343 1821 corpore
358 1741 480 1802 infames
495 1759 585 1803 caeno
600 1759 633 1802 ac
647 1741 769 1822 palude,
782 1743 890 1802 iniecta
904 1744 1026 1821 insuper
1040 1751 1130 1823 crate,
1147 1763 1216 1806 mer·

194 1836 301 1910 egunt.
343 1829 496 1890 diversitas
520 1827 658 1909 supplicii
680 1829 749 1890 illuc
773 1832 906 1909 respicit,
934 1838 1083 1909 tamquam
1111 1834 1217 1894 scelera

220 1917 337 1979 ostendi
355 1925 501 1997 oporteat,
525 1918 595 1978 dum
616 1920 795 1998 puniuntur,
813 1918 922 1997 flagitia
935 1917 1084 1980 abscondi.
1127 1923 1217 1982 sedet

219 2004 379 2066 levioribus
399 2005 513 2066 delictis
531 2024 585 2084 pro
603 2006 690 2067 modo
714 2023 822 2085 poena:
855 2024 998 2086 equorum
1021 2025 1218 2090 pecorumque

219 2109 343 2154 numero
358 2095 485 2154 convicti
499 2093 668 2153 multantur.
687 2111 755 2172 pars
769 2093 877 2155 multae
891 2097 954 2172 regi
968 2095 1013 2156 vel
1023 2097 1144 2178 civitati,
1156 2117 1218 2178 pars

220 2183 286 2261 ipsi,
301 2181 351 2259 qui
365 2180 538 2259 vindicatur,
552 2180 598 2240 vel
611 2183 786 2258 propinquis
801 2184 865 2242 eius
880 2181 1048 2244 exsolvitur.
1072 2184 1219 2263 eliguntur

177 2290 207 2331 ,ao
220 2271 251 2329 in
269 2269 363 2330 isdem
384 2267 516 2329 conciliis
534 2275 564 2328 et
577 2270 739 2348 principes,
764 2271 815 2348 qui
828 2271 893 2330 iura
907 2288 961 2349 per
974 2289 1064 2350 pagos
1079 2274 1218 2354 vicosque

219 2357 362 2439 reddunt3
384 2359 502 2420 centeni
520 2355 643 2435 singulis
664 2374 700 2416 ex
717 2356 803 2436 plebe
822 2359 945 2419 comites
960 2360 1116 2421 consilium
1132 2362 1218 2422 simul

220 2457 250 2509 et
263 2447 424 2509 auctoritas
438 2445 554 2508 adsunt.

284 2533 333 2598 13.
351 2534 431 2596 Nihil
448 2543 546 2597 autem
565 2552 661 2615 neque
679 2534 813 2614 publicae
836 2553 932 2614 neque
951 2537 1080 2614 privatae
1100 2540 1147 2598 rei
1166 2509 1226 2599 nisfl

221 2627 324 2686 armati
338 2633 436 2704 agunt.
451 2625 503 2685 sed
513 2642 592 2686 arma
603 2642 719 2684 sumere
730 2641 788 2684 uon
798 2631 865 2685 ante
876 2627 1011 2703 ctdquam
1022 2625 1122 2704 moris,
1134 2645 1217 2705 quam

221 2714 323 2772 civitas
338 2713 530 2773 suffecturum
543 2712 719 2791 probaverit.
742 2720 805 2773 tum
819 2714 851 2772 in
865 2713 929 2790 ipso
944 2711 1068 2772 concilio
1081 2712 1129 2773 vel
1142 2717 1216 2792 prin-

151 2813 163 2836 ·
221 2802 320 2877 cipum
339 2799 445 2879 aliquis
463 2799 509 2860 vel
530 2807 613 2879 pater
632 2800 678 2860 vel
697 2802 857 2878 propinqui
879 2806 964 2859 scuto
988 2799 1155 2880 frameaque
1181 2806 1215 2862 fn·

191 2906 323 2950 sveuem
347 2895 464 2948 ornant:
492 2887 565 2949 haec
588 2887 665 2968 apud
684 2888 750 2948 illos
774 2895 853 2967 toga,
876 2885 924 2946 bic
946 2887 1061 2964 primus
1084 2890 1216 2951 iuventae

221 2977 330 3059 honos3
353 2983 420 3038 ante
440 2975 497 3037 hoc
510 2975 615 3037 domus
630 2994 698 3056 pars
711 2975 857 3055 videntur,
871 2991 938 3034 mox
953 2975 996 3034 rei
1011 2975 1155 3054 publicae.
1181 2983 1216 3039 iu·

292 3219 385 3284 11,1o
402 3219 486 3274 turba
504 3219 546 3276 Jo.
567 3217 617 3274 Fr.
637 3218 801 3274 Gronovius:
820 3215 918 3270 turbae
948 3217 952 3285 Ι
983 3221 1014 3270 11
1033 3218 1094 3270 tum
1112 3233 1139 3272 c:
1159 3233 1226 3272 curut

222 3288 251 3356 0,
270 3289 364 3344 tamen
381 3291 430 3346 Bb
451 3296 455 3359 Ι
478 3296 510 3344 12
529 3289 668 3359 principes
689 3287 849 3344 Perizonius
865 3291 868 3354 Ι
886 3285 959 3353 12,1
980 3286 1128 3341 consilium
1148 3289 1226 3360 σιω

221 3375 270 3431 sed
288 3363 318 3431 et
338 3379 354 3433 b
378 3380 383 3448 Ι
409 3384 424 3432 t
442 3393 535 3448 poene.
552 3377 711 3434 Acidaliosa
729 3389 881 3446 poenarum
897 3377 901 3444 t
918 3381 933 3430 8
952 3367 1123 3430 mulctantur
1140 3376 1199 3432 ΒΟ

221 3453 238 3502 9
256 3446 413 3503 uindicauit
429 3450 479 3504 Bb
504 3452 509 3519 Ι
536 3456 566 3504 tl
585 3447 707 3502 reddant
724 3447 838 3502 Euuesta‘
861 3452 866 3515 l
891 3446 935 3514 13,
951 3454 966 3502 3
985 3446 1057 3518 tum]
1078 3462 1140 3500 cum
1158 3447 1208 3504 Bb

221 3519 449 3590 tlpropinquvs
468 3521 497 3589 (v
516 3535 583 3574 corr.
603 3535 637 3574 ec
654 3517 675 3587 i)
695 3517 728 3586 0,
746 3517 917 3588 propinquus
936 3533 950 3572 c
