2474 4068
231 168 325 224 3113.
344 169 391 224 Dis
411 169 639 226 0333031333
658 177 770 226 33-33.
941 171 1003 235 301

13 325 133 376 oratores
157 324 315 377 contentus
337 319 485 378 neminem
501 309 696 395 'sequentium
714 317 833 378 laudare
852 337 941 380 ausus
961 327 1006 380 est
1020 343 1046 384 oo

13 406 65 462 nisi
79 407 108 464 in
122 403 275 482 publicum
294 407 373 465 etin
393 423 561 485 commune,
584 407 697 466 veritus
716 406 818 485 credo,
842 424 878 466 ne
897 406 1005 467 multos

15 491 176 572 offenderet,
205 495 230 552 si
256 511 366 571 paucos
395 496 599 572 excerpsisset.
646 501 753 571 quotus
777 495 856 553 enim
880 496 1005 572 quisque

15 579 247 640 scholasticorum
265 597 325 640 non
343 580 399 641 hac
417 599 471 642 sua
489 583 681 659 persuasione
703 582 820 662 fruitur,
839 590 873 642 ut
888 599 919 641 se
938 589 1006 642 ante

14 665 175 727 Ciceronem
199 675 350 746 numeret,
374 671 429 728 etsi
454 667 540 747 plane
566 677 634 748 post
662 666 876 731 Gabinianum?
899 677 928 729 at
951 687 1005 747 ego

13 771 63 813 non
80 754 207 816 verebor
224 757 376 816 nominare
397 756 541 835 singulos,
567 774 625 835 qno
645 756 759 817 iacilius
778 759 938 835 propositis
958 775 1006 816 ex·
1020 778 1046 819 ea

14 842 106 920 emplis
120 842 269 922 adpareat,
290 842 397 922 quihus
410 844 551 923 gradibus
565 843 657 905 fracta
676 847 714 906 sit
733 851 762 904 et
781 844 931 905 deminuta
948 843 1006 905 elo·

12 926 140 1006 quentia?
543 990 544 994 ,

66 1016 118 1078 27.
142 1013 193 1078 ‘at
214 1014 315 1096 parce'
339 1021 436 1098 inquit
453 1018 603 1080 Maternus
628 1015 669 1079 ‘et
686 1021 785 1097 potius
804 1018 920 1080 exsolve
939 1037 1006 1098 pro·

12 1108 131 1166 nissum.
179 1123 276 1185 neque
300 1108 377 1166 enim
400 1107 456 1167 hoo
480 1107 578 1184 colligi
600 1106 811 1188 desideramus,
835 1108 1006 1168 disertiores

13 1209 64 1253 csse
89 1195 242 1273 antiquos,
266 1195 344 1272 quod
363 1194 440 1272 apud
459 1211 506 1254 me
526 1194 645 1272 quidem
663 1197 695 1254 in
713 1195 847 1256 confesso
872 1202 930 1274 est,
954 1195 1005 1255 sed

12 1297 104 1341 ausas
118 1283 311 1362 exquirimus,
326 1289 437 1360 queste
448 1281 567 1343 solitum
577 1288 704 1344 tractare
716 1285 830 1364 dixisti,
843 1282 930 1362 paulo
939 1292 1006 1344 ante

12 1368 85 1444 plane
102 1370 205 1428 mitior
218 1377 249 1429 et
262 1369 447 1448 eloquentiae
461 1377 629 1448 temporum
642 1378 813 1432 nostrorum
831 1373 930 1434 minus
948 1373 1004 1432 ira-
1020 1396 1032 1435 s

12 1463 56 1536 tus,
75 1464 236 1534 antequam
254 1464 284 1516 te
302 1457 381 1536 Aper
400 1458 561 1519 offenderet
579 1461 705 1520 maiores
727 1466 794 1520 tuos
813 1454 1004 1520 lacessendo?

65 1540 145 1604 ‘Non
167 1539 244 1604 sum'
268 1547 366 1623 inquit
389 1542 529 1607 ‘offensus
547 1547 619 1625 Apri
645 1547 855 1626 disputatione,
879 1565 935 1607 nec
954 1565 1005 1606 vos

12 1632 109 1692 ollendi
128 1631 257 1712 decebit,
277 1635 302 1692 si
321 1634 391 1711 quid
407 1634 482 1694 forte
497 1651 584 1695 aures
598 1641 711 1694 vestras
725 1636 918 1713 perstringat,
938 1651 1006 1694 oum

12 1722 100 1780 sciatis
114 1719 192 1780 hane
207 1737 272 1781 esse
287 1722 351 1781 eius
366 1721 444 1781 modi
458 1738 627 1782 sermonum
642 1721 745 1802 legem,
759 1721 902 1781 iudicium
916 1722 1006 1780 animi

13 1809 74 1867 citra
90 1808 231 1868 damnum
242 1809 378 1869 adiectus
392 1803 548 1886 prolerre?
1020 1831 1046 1871 ro

65 1891 184 1973 ‘Perge'
207 1898 304 1975 inquit
326 1895 476 1956 Maternus
500 1892 542 1957 ‘et
568 1912 637 1957 cum
660 1896 696 1957 de
719 1897 848 1975 antiquis
866 1895 1005 1976 loquaris,

12 1991 84 2044 utere
100 1985 220 2062 antiqua
234 1983 379 2064 libertate,
393 2001 409 2043 a
424 2001 481 2062 qua
495 1982 541 2044 vel
555 1985 648 2061 magis
662 1984 903 2062 degeneravimus
918 2002 1006 2063 quam

12 2069 35 2130 rb
49 2067 241 2150 eloquentia?

63 2157 117 2222 28.
142 2158 197 2219 Cui
219 2158 342 2220 Messala
366 2154 436 2219 ‘non
461 2160 642 2240 reconditas,
665 2159 810 2241 Materne,
838 2178 941 2221 causas
960 2180 1004 2222 re-

12 2250 109 2328 quiris,
137 2265 191 2307 nec
220 2254 270 2308 aut
293 2246 427 2327 tibiipsi
450 2255 500 2309 aut
524 2248 594 2309 huic
613 2248 749 2309 Secundo
774 2248 819 2308 vel
836 2247 907 2309 huic
925 2250 1005 2328 Apro

12 2333 130 2415 quotes,
153 2337 241 2394 etiam
265 2337 292 2394 si
314 2336 386 2395 mihi
408 2343 508 2420 partes
526 2336 686 2415 adsignatis
703 2335 874 2414 proferendi
896 2339 927 2395 in
946 2353 1005 2395 me·

12 2421 83 2484 lium
107 2439 182 2500 quae
205 2440 307 2483 omnes
326 2425 478 2483 sentimus.
502 2426 569 2501 quis
588 2425 666 2482 enim
685 2425 801 2500 ignorat
819 2430 849 2481 et
868 2422 1005 2500 eloquen-

12 2513 69 2572 tiam
94 2519 127 2570 et
144 2517 258 2572 ceteras
276 2517 355 2570 artes
374 2510 533 2570 descivisse
552 2509 587 2570 ab
606 2508 655 2569 illa
668 2517 767 2568 vetere
782 2507 874 2586 gloria
888 2527 948 2569 non
961 2511 1032 2572 ins

71 2715 119 2782 23,
133 2721 167 2769 31
186 2714 314 2783 ueritum
332 2729 380 2769 era.
399 2714 513 2784 Lipsius
542 2716 546 2783 Ι
580 2719 614 2767 33
632 2713 758 2768 laederet
779 2715 795 2769 3
821 2716 825 2782 l
852 2715 1007 2785 excepisset

12 2782 131 2842 lithoeue
153 2786 158 2853 l
183 2789 217 2839 34
235 2783 342 2840 333111.
362 2784 478 2840 Schoell:
498 2784 548 2838 sad
567 2787 572 2853 Ι
593 2784 981 2842 33133333331333331103Ὶ
1000 2787 1003 2858 Ι

12 2851 44 2923 11,
62 2862 77 2909 1
102 2855 245 2924 Apparata
268 2853 394 2924 (Aperte)
418 2856 484 2910 libri
510 2857 551 2923 (33
568 2870 652 2924 parce
669 2854 705 2909 iis
725 2857 884 2924 Michaelis,
912 2857 950 2911 ah
968 2859 1005 2925 (a)

12 2939 83 2990 parca
107 2925 215 2991 Usener,
232 2941 314 2993 parce
333 2926 484 2992 Androneo,
502 2927 620 2994 apparet
639 2927 751 2996 Meiser)
767 2928 772 2996 Ι
788 2932 804 2980 3
822 2927 876 2982 1333
894 2926 935 2980 Fe
953 2927 1006 2980 hec

12 2993 60 3065 Bb,
80 2996 135 3068 hec
155 2994 229 3064 014
247 2994 343 3050 dixisti
360 2997 448 3065 saoppl.
468 2997 582 3064 Dipsius
595 3001 659 3065 poet
677 2998 754 3064 ante,
777 3013 804 3064 p.
824 2997 890 3050 ante
909 2994 1006 3050 dixisti

12 3065 60 3119 tum
80 3065 194 3133 quidem
212 3066 306 3122 Haase
334 3069 339 3135 Ι
368 3065 499 3121 33313133
516 3068 546 3120 33
564 3065 740 3134 eloquentiae
759 3067 863 3122 Schola:
894 3064 1006 3120 mitiore

12 3135 164 3204 eloquentia
182 3137 211 3190 et
234 3138 240 3204 Ι
263 3135 354 3191 minus
372 3136 459 3192 iratus
478 3136 591 3192 Nissen:
609 3135 726 3190 miratus
744 3136 832 3190 iratus
855 3137 859 3204 Ι
883 3143 898 3191 6
918 3133 1005 3190 inoes-

12 3206 89 3262 tondo
108 3205 277 3277 Hecatam!
294 3214 308 3261 'l
327 3205 397 3277 Apri
414 3206 528 3263 Vahlen:
548 3205 674 3276 aprima
691 3205 771 3276 (Apri
788 3203 851 3273 illa,
870 3205 940 3276 Apri
956 3223 1005 3261 no-

12 3277 61 3345 stri,
81 3273 153 3345 Apri
170 3275 233 3344 mei,
251 3276 320 3346 Apri
339 3276 475 3332 acerrima
493 3277 712 3356 codicillum
730 3277 806 3332 Puta
825 3293 892 3330 nam
905 3292 957 3332 nac
969 3277 1000 3332 F

12 3361 68 3402 nm
87 3347 117 3401 et
133 3345 214 3402 333
229 3349 302 3418 (sert
317 3363 369 3402 nee
382 3347 450 3416 ram)
466 3350 471 3417 ι
487 3354 504 3403 3
518 3344 687 3428 parasangis
704 3346 753 3415 ret
770 3353 801 3401 11
822 3349 851 3402 ec
869 3320 1010 3428 33333

12 3415 58 3482 lit
78 3434 96 3473 3
114 3433 163 3474 orn.
193 3420 198 3488 Ι
227 3417 375 3486 28‚1cui
392 3435 453 3473 nos:
473 3417 527 3481 Qnr
545 3416 734 3485 1113113οΓ
755 3420 760 3487 l
784 3418 931 3473 tEtenim
949 3434 1006 3473 ram

12 3487 28 3540 ri
44 3489 94 3558 Fi
110 3494 126 3543 3
144 3487 242 3557 inopia
258 3487 435 3557 ingeniorum
452 3488 504 3544 Fr.
525 3488 613 3544 Jacob
