2474 4068
221 170 284 234 228
508 191 510 198 ’
567 165 875 221 connumeramur

221 320 348 397 quisque
361 334 395 377 ac
410 314 651 376 bellicosissimus
666 314 740 375 nihil
753 331 852 393 agens,
873 312 1003 392 delegata
1013 313 1121 374 domus
1138 322 1174 374 et
1186 333 1225 392 pe·

221 409 334 467 natium
352 412 382 466 et
400 421 539 483 agrorum
558 422 629 464 cura
648 404 765 463 leminis
783 400 964 480 senibusque
978 409 1008 462 et
1021 401 1224 462 infirmissimo

194 519 207 560 ι
221 496 328 573 cuique
343 512 379 554 ex
393 492 509 553 familia:
530 494 587 571 ipsi
600 491 719 571 hebent,
733 493 807 551 mira
821 491 990 551 diversitate
1005 496 1143 571 naturae,
1163 509 1223 551 cun

221 583 299 643 idem
317 582 450 642 homines
469 583 513 641 sic
532 589 629 640 ament
648 581 783 639 inertiam
806 585 835 638 et
853 578 971 639 oderint
984 580 1124 657 quietern.
1167 597 1230 648 ιιιιι,

222 679 267 732 est
281 669 448 730 civitatibus
462 668 540 728 ultro
553 686 585 729 ac
596 669 706 728 viritim
716 667 851 728 conferre
860 666 1044 747 principibus
1055 665 1100 726 vel
1110 684 1223 727 armen·

221 766 318 819 torum
339 757 384 818 vel
402 757 533 837 frugum,
556 756 633 835 quod
652 773 706 834 pro
725 755 837 816 honore
851 763 1006 833 acceptum
1020 757 1109 814 etiam
1124 773 1223 816 neces·

222 845 358 907 sitatibus
375 844 519 906 subvenit.
557 844 686 922 gaudent
703 845 862 922 praecipue
881 844 1071 903 finitimarum
1092 845 1224 921 gentium

182 961 208 1000 ιο
222 934 319 1014 donis,
348 951 422 1012 quae
441 950 499 994 non
521 932 607 992 modo
629 931 795 1010 asingulis,
814 930 866 991 sed
881 939 911 991 et
924 931 1042 1009 publice
1056 933 1224 1011 mittuntur,

222 1022 309 1083 electi
323 1024 405 1100 equi,
422 1039 527 1099 magna
546 1038 638 1103 arma,
661 1019 797 1098 phalerae
818 1026 1011 1100 torquesque3
1025 1021 1124 1080 iamet
1138 1038 1225 1098 pecu·

222 1113 301 1173 niam
315 1112 449 1188 accipere
463 1110 626 1170 docuimus.

290 1195 340 1260 16.
362 1197 463 1258 Nullas
478 1197 690 1257 Germanorum
709 1195 826 1275 populis
840 1195 930 1256 urbes
945 1194 1071 1256 habitari
1086 1197 1161 1256 satis
1180 1216 1222 1257 no·

222 1295 287 1349 tum
306 1294 362 1366 est,
386 1304 423 1345 ne
437 1287 499 1364 pati
512 1284 633 1363 quidem
647 1286 725 1344 inter
740 1302 771 1344 se
786 1286 901 1345 iunctas
917 1283 1011 1344 sedes.
1045 1283 1148 1345 colunt
1174 1286 1224 1345 dis·

223 1376 298 1435 creti
312 1391 346 1434 ac
360 1373 477 1449 diversi,
491 1382 525 1432 ut
539 1372 613 1453 lons,
633 1380 667 1432 ut
682 1389 811 1452 campus,
824 1381 859 1432 ut
871 1390 976 1432 nemus
990 1371 1108 1450 placuit.
1147 1375 1224 1434 vicos

223 1462 321 1522 locant
341 1478 399 1520 non
418 1461 449 1520 in
467 1467 602 1521 nostrum
620 1477 733 1519 morem
752 1462 871 1521 conexis
890 1468 921 1520 et
938 1457 1169 1521 cohaerentibus
1187 1481 1223 1522 ae·

197 1575 210 1616 ι
224 1549 343 1611 diuciis:
367 1566 449 1608 suam
472 1549 596 1627 quisque
616 1547 735 1607 domum
753 1549 847 1626 spatio
862 1547 1034 1628 circumdat,
1048 1549 1109 1608 sive
1124 1549 1223 1610 adver·

224 1655 275 1699 sus
297 1654 382 1698 casus
401 1637 477 1713 ignis
496 1635 660 1695 remedium
679 1636 740 1695 sive
759 1637 876 1696 inscitia
897 1635 1077 1696 aedificandi.
1110 1654 1149 1697 ne
1166 1657 1223 1698 cae·

223 1733 391 1788 mentorum
405 1724 524 1803 quidem
538 1723 615 1802 apud
629 1723 694 1784 illos
709 1730 759 1784 aut
777 1723 943 1802 tegularum
957 1741 1044 1785 usus:
1059 1727 1188 1786 materia
1198 1727 1222 1785 ad

225 1817 323 1876 omnia
344 1821 470 1874 utuntur
491 1813 611 1874 inlormi
634 1819 663 1873 et
686 1813 760 1873 citra
781 1814 910 1891 speciem
929 1819 980 1872 aut
994 1811 1223 1874 delectationem

227 1903 369 1983 quaedam
381 1902 445 1963 loca
460 1901 630 1979 diligentius
640 1900 769 1961 inlinunt
781 1908 859 1961 terra
867 1902 906 1961 ita
917 1917 991 1978 pura
1001 1918 1035 1961 ac
1045 1899 1224 1980 splendente,

187 2017 212 2054 ro
225 2001 259 2051 ut
277 1992 425 2070 picturam
444 2007 477 2050 aa
496 1989 666 2050 liniamenta
684 1988 816 2050 colorum
836 1990 977 2049 imitetur.
1006 1986 1102 2048 solent
1115 1998 1146 2049 et
1162 1983 1233 2050 sub*

226 2088 378 2140 terraneos
392 2095 499 2154 specus
518 2079 634 2155 aperire
655 2094 766 2156 eosque
776 2077 868 2137 multo
883 2077 1005 2156 insuper
1015 2077 1083 2136 fimo
1094 2089 1225 2156 onerant

227 2165 386 2244 suffugium
400 2164 505 2224 hiemis
521 2173 550 2224 et
564 2164 783 2242 receptaculum
797 2164 941 2244 frugibus,
956 2166 1025 2244 quia
1035 2167 1165 2242 rigorem
1185 2168 1227 2226 iri·

227 2271 331 2334 gorum
350 2254 414 2313 eius
432 2251 512 2312 modi
531 2251 587 2312 loci
608 2251 756 2332 molliunt,
779 2254 848 2313 etsi
864 2251 979 2331 quando
993 2252 1088 2313 hostis
1103 2253 1227 2334 advenit,

227 2351 327 2423 aperta
354 2339 521 2420 populatur,
547 2338 646 2401 abdita
674 2346 772 2400 autem
799 2347 829 2400 et
852 2339 967 2401 delossa
986 2350 1038 2403 aut
1055 2343 1227 2420 ignorantur

191 2456 214 2496 u
228 2439 279 2493 aut
293 2449 328 2491 eo
342 2431 406 2510 ipso
421 2429 533 2510 fallunt,
547 2427 626 2507 quod
641 2427 806 2507 quaerenda
821 2435 899 2489 sunt.
1233 2485 1234 2490 ,

297 2516 346 2580 17.
369 2517 519 2597 Tegumen
534 2515 670 2578 omnibus
686 2534 788 2595 sagum
802 2516 891 2577 fibula
905 2524 969 2596 aut,
993 2519 1019 2578 si
1031 2518 1121 2597 desit,
1147 2522 1227 2598 spina

228 2615 411 2670 consertum:
425 2613 524 2668 cetera
538 2607 641 2667 intecti
655 2613 732 2666 totos
746 2605 809 2666 dies
822 2607 904 2666 iuxta
917 2605 1015 2666 locum
1029 2613 1118 2683 atque
1132 2607 1228 2685 ignem

229 2703 327 2774 agunt.
363 2693 588 2772 locupletissimi
606 2703 687 2755 veste
701 2693 912 2774 distinguntur,
926 2711 985 2754 non
996 2693 1140 2775 lluitante,
1156 2697 1227 2756 sicot

230 2783 379 2843 Sarmatae
393 2799 427 2841 ao
441 2781 555 2862 Parthi,
569 2780 621 2841 sed
635 2783 738 2842 stricta
753 2788 783 2841 et
796 2781 928 2859 singulos
942 2789 1024 2842 artus
1038 2783 1227 2861 exprimente.

203 2876 337 2950 egerunt
350 2877 380 2930 et
395 2869 522 2929 ferarum
537 2868 641 2948 pelles,
661 2870 786 2947 proximi
800 2870 881 2946 ripae
896 2869 1097 2951 neglegenter,
1111 2869 1228 2932 ulterio-

301 3003 346 3072 15,
362 3001 503 3058 bhabenb
521 3001 563 3057 Ob
587 3003 592 3072 l
617 3007 632 3056 7
651 3000 843 3084 pnnc1p1bus
843 3001 951 3070 aliquid
969 3005 1009 3060 ed.
1028 3010 1101 3058 vetus
1121 3005 1126 3071 l
1155 3011 1191 3060 10
1210 3007 1229 3058 et

230 3092 280 3132 om.
300 3075 389 3144 0111
409 3071 559 3143 magnifica
582 3072 716 3140 Baihrens,
741 3089 864 3143 mugma
882 3073 988 3144 Kochly
1003 3075 1008 3143 1
1025 3073 1096 3142 16,4
1115 3073 1229 3145 iungant

229 3147 313 3213 B¹bl
331 3152 364 3201 10
382 3144 552 3199 lineamenta
570 3142 643 3212 ΒΟΙ
691 3144 782 3198 lorum
802 3144 831 3210 O,
848 3143 974 3199 locorum
987 3115 1156 3227 Nipperd,
1178 3163 1229 3200 cor

229 3232 329 3286 porum
347 3215 477 3286 Kochlyl
497 3145 695 3269 imitenturlbb.
714 3219 739 3269 et
756 3214 795 3268 H.
815 3214 932 3285 Schultz!
950 3222 981 3270 12
1000 3214 1099 3269 hiemis
1147 3187 1230 3285 biffar-

229 3288 320 3342 schead
337 3288 406 3357 (coll
426 3291 462 3342 46
480 3292 506 3342 et
524 3286 599 3340 Ana.
618 3289 644 3352 4,
659 3286 718 3354 66)ι
711 3283 824 3338 hiemi
842 3219 932 3353 labri,¹
935 3303 973 3342 on
991 3285 1103 3340 hieme?
1120 3288 1124 3356 Ι
1142 3293 1177 3342 13
1199 3288 1229 3342 Ιο-

231 3356 279 3422 cis,
298 3374 344 3412 em.
363 3356 528 3426 Acidaliae!
547 3363 578 3410 14
598 3356 659 3427 [ani
660 3356 717 3428 em]
737 3355 864 3437 Muretus
879 3358 884 3422 Ι
900 3327 934 3411 1’7
938 3356 1082 3437 ‚lfigula
1099 3358 1115 3412 b
1131 3359 1171 3427 15
1192 3375 1230 3428 ge

230 3427 296 3480 runt
314 3427 338 3482 0
354 3431 379 3481 et
397 3443 464 3482 corr.
485 3428 514 3482 b.
524 3359 626 3481 ¹lerunt
644 3427 691 3482 Bb
707 3432 712 3496 Ι
727 3425 846 3496 proximi
863 3399 945 3496 ripae
964 3426 1143 3496 exquisitius,
1165 3429 1229 3484 ulte

230 3498 316 3552 riores
336 3495 511 3566 negligenter
530 3499 627 3553 Carrio
