2474 4068
368 172 582 228 annuamus
600 182 677 232 a-a.
961 181 1026 247 223

11 337 198 400 quamquam
211 322 339 398 proximi
349 321 386 382 ob
406 340 494 383 usum
508 326 753 384 commerciorum
768 343 873 386 aurum
883 336 913 387 et
923 344 1025 407 argen-

11 427 76 468 :um
99 409 135 468 in
154 410 250 487 pretio
270 407 380 469 habent
399 409 567 490 formasque
587 411 727 490 quasdam
746 421 865 475 nostrae
883 419 1026 493 pecuniae

11 497 204 574 adgnoscunt
218 503 306 575 atque
321 495 446 576 eligunt:
470 500 627 559 interiores
645 499 809 578 simplicius
828 509 859 562 et
877 505 1026 582 antiquius
1041 526 1067 568 u

11 585 237 664 permutatione
251 586 394 648 mercium
409 593 543 647 utuntur.
579 589 735 666 pecuniam
752 588 879 667 probant
897 597 1027 652 veterem

11 682 40 733 et
62 672 118 733 diu
137 678 251 752 notam,
275 681 405 734 serratos
419 672 601 754 bigatosque.
633 683 788 754 argentum
803 695 921 756 quoque
935 681 1027 758 magis

11 778 106 840 quam
122 776 230 820 aurum
244 768 421 842 sequuntur,
439 761 518 822 nulla
532 762 696 824 adfectione
712 765 809 844 animi,
824 764 876 825 sed
892 768 960 845 quia
974 784 1027 827 nu·

11 865 118 910 merus
142 855 350 927 argenteorum
369 848 483 910 facilior
497 852 567 911 usui
580 858 625 911 est
639 853 807 930 promiscua
822 871 855 913 ac
869 853 937 914 vilia
951 872 1027 915 mer-

11 935 166 996 cantibus
1040 967 1067 1008 po

83 1022 115 1085 6.
139 1021 183 1084 Ne
197 1024 310 1086 ferrum
325 1024 443 1104 quidem
458 1033 612 1106 superest,
637 1029 714 1088 sicut
728 1045 764 1087 ex
778 1045 886 1105 genere
901 1028 1027 1090 telorum

11 1111 177 1189 colligitur.
210 1113 270 1172 rari
283 1111 388 1190 gladiis
402 1119 453 1173 aut
466 1113 627 1174 maioribus
641 1113 752 1175 lanceis
767 1123 905 1176 utuntur:
928 1116 1026 1178 hastas

11 1200 62 1259 vel
83 1202 221 1277 ipsorum
238 1199 381 1260 vocabulo
400 1200 524 1260 frameas
539 1208 646 1279 gerunt
659 1209 783 1280 angusto
798 1210 828 1263 et
842 1202 926 1264 brevi
939 1204 1027 1286 ferro,

12 1288 68 1348 sed
84 1289 127 1348 ita
142 1288 205 1347 acri
223 1293 253 1346 et
267 1286 303 1346 ad
317 1304 405 1348 usum
419 1286 518 1367 habili,
537 1295 571 1349 ut
585 1289 715 1349 eodemt
702 1289 769 1371 telo,
783 1298 874 1369 prout
886 1293 962 1353 ratio
976 1311 1027 1370 po-

12 1379 82 1455 scit,
108 1373 155 1435 rel
178 1375 343 1435 comminus
365 1374 412 1435 vel
435 1377 550 1436 eminus
575 1384 717 1454 pugnent.
754 1385 784 1438 et
802 1396 892 1458 eques
908 1380 1054 1458 quideme

13 1469 105 1524 scuto
125 1462 293 1542 frameaque
314 1469 473 1524 contentus
492 1471 546 1543 est,
564 1463 679 1543 pedites
693 1471 724 1525 et
738 1465 860 1527 missilia
874 1477 1027 1551 spargunt,

13 1551 166 1630 pluraque
187 1548 308 1629 singidi,
331 1552 447 1629 atque
438 1569 470 1611 m
488 1553 667 1613 immensum
684 1551 809 1634 vibrant,
831 1554 905 1615 nudi
919 1563 969 1617 aut
983 1574 1027 1617 sa·

14 1638 88 1718 gulo
101 1638 191 1698 leves.
215 1636 295 1699 nulla
309 1637 407 1699 cultus
421 1640 553 1719 iactati03
568 1648 651 1701 scuta
665 1648 780 1702 tantum
795 1641 963 1703 lectissimis
978 1662 1026 1704 co-

14 1726 134 1788 loribus
157 1724 331 1803 distingunt.
368 1728 471 1805 paucis
493 1726 616 1807 loricae,
643 1730 690 1787 rix
713 1730 767 1788 uni
789 1727 911 1790 alterive
934 1733 1025 1791 cassis

17 1823 71 1875 aut
94 1813 184 1892 galea.
217 1815 287 1893 equi
304 1831 364 1874 non
383 1814 489 1895 forma,
513 1833 578 1875 non
599 1814 753 1876 velocitate
777 1818 938 1896 conspicui.
975 1819 1025 1878 sed
1042 1843 1067 1884 ιο
1172 1842 1176 1850 ’

17 1921 75 1963 nec
89 1903 203 1962 variare
218 1919 306 1980 gyros
320 1903 351 1962 in
364 1919 477 1962 morem
491 1910 627 1963 nostrum
637 1902 794 1965 docentur:
809 1906 839 1965 in
849 1912 965 1966 rectum
976 1915 1027 1966 aut

19 2008 80 2051 uno
99 1989 178 2050 flexu
197 1989 317 2050 dextros
338 1996 442 2070 agunt,
459 1991 501 2050 ita
515 1992 672 2052 coniuncto
688 1990 768 2072 orbe,
783 1999 816 2053 ut
829 2010 916 2054 nemo
929 2002 1026 2072 poste·

19 2081 83 2138 rior
107 2079 154 2138 sit.
191 2078 222 2137 in
245 2079 416 2138 universum
436 2075 604 2139 aestimanti
626 2079 694 2158 plus
716 2097 807 2158 penes
831 2080 961 2159 peditem
980 2101 1026 2143 ro·

20 2167 117 2246 boris3
135 2183 229 2244 eoque
249 2166 334 2226 mixti
351 2164 548 2248 proeliantur,
567 2173 634 2245 apta
648 2174 679 2227 et
693 2176 873 2247 congruente
888 2171 923 2230 ad
939 2188 1026 2250 eque·

21 2262 114 2314 strem
124 2252 416 2333 pugnamveloeitate
425 2254 567 2334 peditum,
587 2273 661 2334 quos
671 2273 707 2315 ex
721 2259 802 2316 omni
814 2258 967 2318 iuventute
978 2260 1025 2319 de·
1042 2281 1068 2324 as

21 2343 115 2402 lectos
133 2349 200 2403 ante
223 2342 316 2401 aciem
339 2340 445 2403 locant.
477 2341 617 2403 definitur
631 2351 661 2403 et
675 2361 831 2405 numerus:
854 2348 971 2406 centeni
991 2363 1027 2405 ex

22 2429 147 2508 singulis
160 2430 244 2509 pagis
258 2435 336 2509 sunt,
350 2429 439 2508 idque
454 2430 552 2508 ipsum
566 2430 645 2490 inter
659 2448 728 2491 suos
743 2439 895 2511 vocantur,
909 2440 939 2492 et
949 2432 1028 2510 quod

22 2520 118 2597 primo
132 2533 273 2577 numerus
288 2517 356 2597 fuit,
380 2519 438 2578 iam
456 2534 564 2577 nomen
578 2526 609 2577 et
622 2517 718 2577 honor
731 2525 785 2578 est.
818 2520 896 2578 acies
910 2535 964 2599 per
978 2538 1027 2581 cn·

22 2623 94 2666 neos
108 2606 302 2685 componitur.
334 2604 440 2666 cedere
454 2603 532 2684 loco,
544 2604 705 2665 dommodo
724 2623 829 2667 rursus
843 2607 944 2690 instes²
958 2626 1026 2670 con·

23 2694 82 2754 silii
101 2710 187 2772 quam
206 2693 371 2753 formidinis
388 2691 578 2753 arbitrantur.
611 2711 734 2772 corpora
753 2712 875 2755 suorum
890 2698 978 2757 etiam
996 2699 1026 2757 in
1041 2722 1068 2763 ao

23 2781 120 2843 dubiis
133 2779 254 2860 proeliis
268 2780 410 2842 referunt.
434 2788 551 2842 scutum
565 2780 722 2860 reliquisse
740 2785 932 2863 praecipuum
947 2784 1027 2864 flagi·

25 2873 95 2930 tium
102 2915 111 2948 ,
139 2885 193 2929 nec
212 2876 262 2928 aut
276 2870 368 2929 sacris
383 2868 485 2930 adesse
505 2876 556 2930 aut
570 2870 727 2932 concilium
741 2873 817 2932 inire
831 2873 1026 2951 ignominioso

25 2959 80 3036 fas3
94 2956 237 3035 multique
253 2958 428 3034 superstites
442 2956 587 3017 bellorum
601 2958 750 3019 infamiam
761 2958 865 3039 laqueo
876 2960 1026 3021 finierunt.

86 3043 114 3106 l.
136 3043 230 3123 Reges
254 3062 290 3105 ex
313 3044 478 3126 nobilitate,
502 3044 592 3106 duces
616 3064 653 3106 ex
667 3049 775 3107 virtute
800 3055 928 3108 sumunt.
969 3065 1026 3108 nec

93 3211 170 3282 6,17
195 3214 294 3283 argent
294 3230 395 3283 umque
418 3214 457 3268 Η,
477 3214 576 3270 Sabalia
601 3217 605 3282 Ι
632 3221 664 3270 18
684 3214 775 3268 affect'
766 3214 883 3270 1one0=
913 3214 1025 3271 affecta-

25 3285 97 3339 tione
115 3255 162 3340 ’Bo
179 3288 183 3354 Ι
199 3285 225 3352 6,
237 3291 252 3339 7
271 3284 352 3354 plura
371 3286 406 3341 al.
424 3283 473 3353 lin
491 3301 541 3341 om
555 3285 604 3340 Bb
621 3287 625 3353 Ι
642 3291 675 3339 10
694 3283 777 3354 galea
796 3285 958 3342 Rhenanus.
978 3304 1025 3357 gu

25 3357 83 3409 leae
101 3356 192 3425 (galee
210 3358 254 3410 est
273 3356 400 3424 Mutaell)
420 3357 425 3426 Ι
447 3361 478 3410 11
497 3353 636 3409 nunciate
655 3356 692 3422 6(
714 3361 746 3409 12
765 3354 831 3408 dext
819 3357 877 3410 tros
895 3357 940 3413 vel
960 3359 1025 3412 sini·

26 3429 96 3480 siros
114 3427 166 3482 Au
187 3427 334 3481 Michaelis
350 3428 353 3492 l
370 3427 470 3480 cuncto
489 3427 524 3492 B,
544 3426 643 3480 coneto
664 3424 975 3508 osnrunctouaeareasq
993 3434 1025 3484 16

26 3496 138 3551 dilectos
156 3496 183 3550 B
201 3513 222 3553 a
242 3497 330 3568 6111
350 3496 437 3568 quod]
459 3496 571 3565 quidem
589 3496 666 3562 Bb(
657 3495 714 3564 (qui
733 3497 833 3567 Ritter)
