2474 4068
264 203 357 259 DIAL.
376 205 424 261 Du
444 206 670 263 ORATORIBUS
691 215 802 264 rs-so.
975 211 1040 274 293

23 350 181 433 dicebam,
194 369 263 412 cum
272 353 446 414 condicione
456 361 624 433 temporum
633 363 662 416 ct
673 356 842 417 diversitate
856 361 972 419 aurium
982 360 1039 419 lor·

23 458 98 500 nam
108 457 239 519 quoque
249 457 283 501 ac
292 443 423 518 speciem
432 443 574 503 orationis
584 461 649 504 csse
659 444 836 505 mutandam.
852 444 1039 524 lacileperle·

24 527 107 590 rebat
116 529 210 606 prior
220 526 269 589 ille
278 528 420 609 populus,
434 537 469 590 ut
483 532 638 609 imperitus
648 540 679 591 et
692 532 784 613 rudia,
803 534 1039 610 impeditissima·

23 634 86 676 mm
96 616 278 677 orationum
285 619 388 698 spatia,
398 624 486 696 atque
496 618 526 679 ld
536 620 635 697 ipsum
644 619 789 701 laudabat,
800 623 825 681 si
836 621 960 682 dicendo
971 623 1037 699 quis
1052 645 1081 683 ro

23 705 99 763 diem
121 705 281 764 eximeret
313 706 371 765 iam
390 723 460 766 vero
477 705 562 784 longa
581 709 796 786 principiorum
810 710 994 787 praeparatio
1009 718 1039 770 et

23 793 214 852 narrationis
228 790 286 851 alte
300 794 425 870 repetita
440 795 532 854 series
547 802 577 854 et
586 794 745 856 multarum
755 797 932 857 divisionum
942 804 1039 858 osten·

21 882 91 939 tatio
109 887 146 940 et
161 877 243 939 mille
256 887 498 957 argumentorum
512 881 629 962 gradus,
644 890 675 943 et
687 884 831 962 quidquid
846 884 924 945 aliud
934 886 1036 945 aridis-

21 969 104 1027 simis
121 965 327 1045 Hermagorae
341 975 371 1028 et
384 967 555 1046 Apollodori
568 969 653 1029 libris
666 973 861 1052 praecipitur,
879 974 911 1032 in
925 972 1037 1033 honore

21 1063 97 1136 erat3
120 1054 247 1134 quodsi
263 1057 330 1134 quis
349 1055 488 1117 odoratus
501 1055 717 1136 philosophiam
735 1059 886 1119 rideretur
905 1066 936 1119 et
954 1078 989 1119 ex
1004 1078 1038 1120 ea
1053 1079 1078 1122 rs

21 1143 124 1204 locum
146 1141 277 1220 aliquem
296 1145 422 1205 orationi
445 1162 516 1205 suae
534 1147 692 1225 insereret,
720 1148 752 1206 in
770 1145 883 1207 caelum
901 1146 1038 1207 laudibus

24 1230 195 1291 terebatur.
230 1247 286 1290 nec
300 1233 422 1312 mirum;
446 1240 531 1293 erant
550 1235 628 1293 enim
649 1233 722 1294 haec
742 1252 815 1294 nova
837 1242 867 1294 et
880 1236 1037 1315 incognita,

22 1327 48 1378 et
62 1322 211 1398 ipsorum
229 1335 347 1397 quoque
366 1326 517 1381 oratorum
530 1321 701 1399 paucissimi
714 1330 871 1400 praecepta
885 1322 1038 1383 rhetorum

21 1415 70 1466 aut
90 1404 345 1486 philosophorum
362 1406 469 1484 placita
491 1417 696 1486 cognoverant.
733 1417 763 1470 at
780 1409 901 1471 hercule
921 1410 1037 1489 pervul-

22 1497 99 1572 gatis
116 1497 180 1554 iam
194 1492 339 1574 omnibus,
353 1512 421 1555 cum
435 1497 483 1556 rix
496 1497 527 1556 in
538 1498 651 1557 cortina
662 1499 818 1577 quisquam
825 1498 955 1578 adsistat,
966 1501 1037 1577 quin
1050 1519 1077 1558 so

23 1582 186 1643 elementis
204 1581 384 1661 studiorum,
407 1584 463 1643 etsi
481 1601 541 1644 non
560 1586 739 1665 instructus,
758 1593 886 1646 atcerte
905 1585 1036 1647 imbutus

23 1673 74 1751 sit,
107 1670 197 1730 noris
217 1676 248 1730 et
266 1670 421 1749 exquisitis
441 1669 627 1749 eloquentiae
644 1671 802 1732 itineribus
821 1690 896 1750 opus
910 1680 964 1752 est,
982 1691 1036 1751 per

23 1776 101 1837 quae
122 1763 226 1818 orator
245 1757 395 1818 fastidium
410 1760 526 1818 aurium
540 1759 667 1838 effugiat,
686 1761 790 1837 utique
805 1758 882 1837 apud
897 1777 948 1819 eos
962 1759 1037 1820 iudi·

24 1865 82 1927 ces,
107 1847 164 1925 qui
182 1846 211 1906 vi
230 1852 259 1905 et
277 1852 436 1927 potestate,
461 1863 521 1906 non
539 1848 604 1907 iure
628 1855 678 1907 aut
701 1845 817 1924 legibus
840 1855 1036 1927 cognoscunt,

23 1952 78 1995 nec
100 1933 255 2012 accipiunt
274 1939 429 2013 tempora,¹
443 1933 494 1993 sed
515 1936 712 2014 constituunt,
731 1951 787 1994 nec
806 1934 1035 2013 exspectandum
1050 1954 1077 1995 ss

24 2022 139 2083 babent
155 2027 318 2101 oratorem,
341 2021 412 2082 dum
430 2019 474 2081 illi
491 2020 580 2083 libeat
594 2022 630 2082 de
645 2023 709 2100 ipso
728 2024 846 2101 negotio
861 2023 969 2103 dicere,
985 2023 1035 2084 sed

23 2128 115 2190 saepe
130 2107 211 2170 ultro
226 2108 385 2169 admonent
398 2114 487 2188 atque
501 2108 557 2170 alio
571 2110 839 2188 transgredientem
852 2120 993 2173 revocant
1006 2118 1036 2171 et

23 2199 170 2260 destinare
185 2213 217 2257 se
231 2203 386 2258 testantur.

92 2283 147 2348 20.
171 2283 244 2354 Quis
263 2301 343 2346 nunc
361 2284 438 2345 leret
456 2293 604 2347 oratorem
624 2286 660 2346 de
674 2287 845 2348 infirmitate
860 2286 1035 2348 valetudinis

24 2393 97 2436 suae
118 2369 325 2452 praedantem?
361 2372 458 2452 qualia
477 2380 547 2434 sunt
564 2374 627 2433 lere
645 2375 790 2451 principia
805 2373 931 2434 Corvini.
968 2376 1035 2451 quis

25 2465 162 2541 quinque
177 2462 208 2520 in
222 2458 345 2521 Verrem
358 2459 451 2521 libros
466 2457 653 2539 expectabit?
677 2463 742 2538 quis
761 2460 798 2520 de
817 2461 991 2537 exceptione
1006 2469 1036 2520 et

24 2547 154 2611 lormula
168 2549 352 2626 perpetietur
361 2547 410 2608 illa
428 2550 571 2608 immensa
584 2547 745 2627 volumina,
759 2565 833 2626 quae
847 2564 901 2624 pro
916 2545 953 2607 ll.
967 2546 1035 2607 Tul·

24 2637 62 2699 lio
79 2644 134 2698 aut
147 2635 222 2696 Aulo
236 2634 360 2696 Caecina
374 2633 520 2714 legimus?
545 2637 712 2714 praecurrit
724 2635 781 2695 hoc
800 2642 932 2714 tempore
946 2636 1035 2697 iudex
1048 2655 1062 2697 s

26 2726 191 2804 dicentem,
214 2731 245 2783 et
263 2724 321 2782 nisi
339 2730 390 2784 aut
409 2741 500 2784 cursu
524 2728 765 2802 argumentorum
783 2731 834 2785 aut
851 2722 950 2785 colore
969 2742 1034 2785 sen·

25 2815 190 2874 tentierum
204 2817 256 2871 aut
270 2811 366 2871 nitore
381 2818 411 2871 et
425 2811 507 2872 cultu
522 2812 755 2891 descriptionum
768 2813 908 2874 invitatus
923 2821 953 2874 et
971 2831 1034 2874 cor·

26 2908 137 2980 ruptus
147 2906 200 2978 est,
215 2905 368 2959 aversatur
378 2896 562 2977 [dicentem].
585 2899 691 2980 vulgus
702 2919 819 2980 quoque
829 2901 1034 2984 adsistentium

100 3102 146 3169 la,
161 3107 177 3156 9
195 3101 251 3156 iste
268 3101 297 3156 Β
303 3101 319 3157 b
344 3104 348 3169 Ι
373 3100 651 3171 impeditissimarum,
670 3119 717 3159 cm.
738 3103 867 3157 Muretus
882 3104 886 3170 Ι
904 3107 937 3155 10
955 3101 1034 3156 leudi

26 3171 151 3227 dabatur
169 3170 216 3239 F}
235 3177 267 3227 ts
285 3171 477 3227 narrationum
495 3173 610 3244 Spengel
630 3177 684 3242 115
704 3171 837 3227 adoratus
862 3174 867 3240 Ι
890 3170 1034 3226 uideretur

26 3246 55 3298 b:
75 3241 190 3296 uidetur
207 3241 325 3308 Boni
356 3248 388 3298 17
408 3242 571 3298 ferebantur
587 3243 616 3296 B
644 3245 648 3310 Ι
678 3249 712 3297 20
730 3241 760 3296 in
779 3257 882 3297 corona
904 3241 1034 3312 desnos·

25 3314 135 3369 ciddwr
152 3308 223 3381 ἆψίς
242 3313 428 3381 bucolicorum,
445 3316 477 3368 in
490 3315 592 3383 quobus
606 3314 713 3369 iudicia
731 3313 938 3369 cedomoiralia
955 3315 1033 3370 hobe-

27 3385 140 3452 bamur,
157 3383 312 3454 significari
331 3385 335 3452 Ι
356 3384 423 3451 quin
442 3384 581 3440 Muretus:
600 3382 648 3450 qui
664 3384 668 3451 Ι
684 3389 716 3438 21
738 3383 804 3455 etsi]
824 3382 849 3437 si
866 3384 1012 3440 Acidaliae
1027 3384 1031 3456 Ι

27 3460 61 3508 25
80 3454 277 3524 expectantem
294 3453 344 3509 Bb
360 3458 365 3522 Ι
380 3454 456 3521 20,3
476 3454 510 3508 de
529 3470 578 3509 om.
596 3455 600 3524 Ι
616 3458 633 3508 t
650 3452 708 3508 ists
724 3454 773 3510 Bb
789 3459 793 3524 l
810 3459 826 3510 o
845 3455 905 3526 ent]
921 3455 980 3508 etb
997 3459 1033 3524 l⁶

27 3523 154 3579 dicentes
172 3524 221 3580 Bb
237 3525 274 3594 18
295 3523 460 3596 [dicentem]
478 3524 568 3580 Sedete
