2474 4068
183 194 248 258 262
531 187 834 279 coaunnumonr

144 370 170 410 10
184 348 259 419 rent,
269 336 404 398 coetibus
414 353 447 396 ac
457 335 862 412 sacrificiisconspirationem
872 334 1025 395 civitatum
1032 335 1192 398 sancirent

184 435 272 505 atque
286 427 327 486 ita
340 426 464 485 irritatis
477 425 627 501 utrimque
641 423 746 482 animis
760 421 934 481 discessum.

255 510 307 575 28.
334 511 445 573 Eadem
473 518 583 572 aestate
611 509 718 570 cohors
750 507 909 587 Usiporum
936 525 990 586 per
1018 507 1191 570 Germanias

185 603 353 679 conscripta
372 606 402 660 et
418 601 450 659 in
463 597 646 658 Britanniam
659 598 833 657 transmissa
846 613 985 675 magnum
1000 614 1033 657 ac
1048 614 1191 658 memora·

185 689 244 751 bile
262 690 376 749 lacinus
396 703 466 747 ausa
485 694 538 746 est.
566 686 664 746 occiso
685 686 859 745 centurione
873 702 907 745 ac
921 683 1074 764 militibus,
1089 687 1141 764 qui
1156 686 1192 746 ad

185 776 357 839 tradendam
377 773 562 852 disciplinam
579 774 706 833 immixti
725 772 882 850 manipulis
902 770 1070 850 exemplum
1093 779 1123 833 et
1147 792 1192 834 re-

159 874 284 934 5ctores
302 861 500 942 habebantur,
527 864 583 922 tris
605 860 767 921 liburnicas
782 860 893 921 adactis
906 878 961 938 per
974 861 1034 920 rim
1047 859 1192 939 guberna·

186 952 302 1014 toribus
317 949 491 1030 ascendere,
512 956 543 1010 ct
556 967 616 1011 uno
630 951 832 1029 renavigante,
852 949 999 1026 suspectis
1014 947 1130 1009 duobus
1145 967 1192 1009 eo-

187 1058 245 1121 que
259 1040 437 1119 interseotis,
455 1038 586 1098 nondum
605 1037 722 1115 vulgato
737 1054 857 1096 rumore
872 1043 906 1096 ut
919 1034 1095 1097 miraculum
1109 1054 1192 1115 prae-

186 1127 378 1189 vehebantur.
392 1144 460 1186 mox
474 1125 510 1186 ad
526 1125 693 1204 aquandum
709 1133 796 1203 atque
815 1124 899 1185 utilia
913 1131 1030 1202 raptum
1041 1127 1156 1203 egressi
1165 1134 1194 1186 et

187 1234 256 1278 cum
263 1213 629 1295 plerisqueBritannorum
636 1231 689 1274 sua
697 1212 912 1273 defensantium
920 1211 1033 1289 proelio
1042 1216 1195 1290 congressi

148 1323 221 1372 10ac
236 1321 323 1382 saepe
337 1305 478 1381 victores,
502 1301 657 1380 aliquando
671 1301 763 1380 pulsi,
787 1318 821 1360 eo
840 1300 875 1360 ad
896 1307 1063 1361 extremum
1076 1302 1193 1380 inopiae

187 1408 304 1470 venere,
318 1397 352 1450 ut
365 1390 582 1449 infirmissimos
597 1406 728 1469 suorum,
742 1407 811 1449 mox
825 1395 905 1449 sorte
920 1387 1026 1448 ductos
1039 1405 1194 1449 vesceren-

187 1487 246 1539 tur.
274 1485 362 1556 atque
376 1479 418 1537 ita
432 1477 624 1537 circumvecti
636 1475 832 1556 Britanniam,
847 1477 963 1537 amissis
977 1493 1031 1555 per
1044 1477 1194 1537 inscitiam

187 1565 311 1645 regendi
324 1564 461 1644 navibns,
485 1582 539 1642 pro
557 1563 757 1642 praedonibus
771 1563 879 1644 babiti,
901 1565 1032 1642 primum
1046 1582 1063 1623 a
1078 1563 1193 1645 Suebis,

188 1673 256 1714 mou
270 1672 286 1713 a
301 1652 405 1713 Frisiis
419 1653 577 1730 intercepti
590 1660 669 1713 sunt.
706 1669 739 1711 ac
762 1652 846 1712 luere
861 1669 935 1730 quos
948 1670 1004 1730 per
1017 1655 1195 1715 commercia

149 1768 175 1810 ω
190 1741 381 1803 venumdatos
400 1749 429 1801 et
447 1743 479 1800 in
492 1748 623 1800 nostram
637 1757 733 1818 usque
748 1741 842 1817 ripam
856 1742 1018 1801 mutatione
1033 1743 1195 1802 ementium

189 1831 331 1891 adductos
345 1828 489 1889 indicium
502 1830 578 1888 tanti
592 1845 678 1888 casus
691 1826 869 1888 inlustravit.

255 1915 306 1979 29.
329 1917 416 1977 Initio
431 1918 549 1976 aestatis
563 1915 697 1994 Agricola
706 1915 868 1976 domestico
882 1914 1004 1976 vulnere
1013 1917 1104 1996 ictus,
1119 1934 1195 1977 anno

189 2014 257 2068 ante
270 2012 372 2065 natum
387 2004 480 2064 tilium
494 2005 599 2064 amisit.
623 2021 712 2082 quem
726 2021 827 2064 casum
839 2020 936 2081 neque
951 2011 984 2064 ut
993 2002 1128 2083 plerique
1138 2004 1196 2064 ior-

190 2096 265 2154 tium
284 2094 416 2152 virorum
435 2090 602 2170 ambitiose,
621 2109 718 2169 neque
741 2109 796 2169 per
809 2090 936 2150 lamenta
950 2109 1056 2152 rursus
1071 2110 1104 2152 ac
1119 2110 1196 2153 mae·

190 2197 289 2241 rorem
301 2177 487 2239 muliebriter
497 2178 578 2239 tulit:
593 2186 623 2238 et
636 2180 668 2238 in
678 2178 760 2238 luctu
769 2177 880 2239 bellum
894 2179 973 2240 inter
986 2179 1118 2240 remedia
1125 2188 1197 2241 erat.

164 2292 178 2334 ι
191 2269 283 2346 igitur
292 2268 454 2345 praemissa
462 2264 564 2346 classe,
578 2283 653 2344 quae
668 2264 803 2344 pluribus
816 2265 890 2326 locis
904 2266 1043 2344 praedata
1058 2285 1197 2346 magnum

191 2363 221 2417 et
235 2358 382 2416 incertum
396 2362 542 2414 terrorem
556 2353 680 2434 iaceret,
703 2353 839 2432 expedito
854 2356 1002 2434 exercitu,
1021 2357 1070 2415 cui
1084 2374 1121 2415 ex
1135 2356 1197 2416 Bri·

190 2446 289 2506 tannis
313 2443 490 2504 fortissimos
514 2449 544 2503 et
566 2442 652 2520 longa
679 2459 751 2520 pace
775 2441 942 2520 exploratos
965 2442 1134 2523 addiderat,
1163 2442 1197 2502 ad

190 2541 322 2593 montem
332 2531 494 2609 Graupium
504 2534 648 2610 pervenit,
663 2547 751 2609 quem
764 2531 824 2590 iam
837 2530 932 2591 bostis
947 2529 1105 2590 insederat.
1130 2548 1196 2590 nam

191 2620 327 2681 Britanni
344 2619 418 2679 nibil
437 2619 523 2680 fracti
541 2636 657 2698 pugnae
676 2619 785 2697 prioris
800 2626 921 2699 eventu,
946 2626 976 2679 et
989 2617 1134 2678 ultionem
1149 2625 1197 2678 aut

152 2732 179 2771 ao
193 2709 347 2769 servitium
362 2713 561 2787 expectantes,
575 2707 752 2784 tandemque
766 2706 846 2767 docti
861 2723 1017 2767 commune
1032 2704 1197 2784 periculum

228 2944 234 2956 Ι
259 2874 309 2956 Bi,
325 2881 358 2929 10
377 2872 538 2955 ciuilebium
556 2873 597 2956 B,
615 2875 677 2929 item
695 2877 741 2941 29,
756 2879 793 2932 12
818 2877 822 2945 Ι
847 2874 924 2943 28,l
944 2872 1088 2944 usipomm
1105 2875 1135 2929 A
1153 2876 1197 2955 (ηε

192 2961 347 3018 usrprorum
364 2945 445 3012 1314
463 2945 597 3010 mmrxbs,
616 2945 864 3015 ernPuteolonuai
881 2950 898 3001 5
916 2945 974 2999 ires
991 2945 1072 3013 Ata
1089 2960 1198 3000 renam·

192 3018 278 3085 ganto
298 3017 427 3070 Malleoli:
455 3014 611 3082 remigante
630 3016 783 3084 (remeante
801 3015 986 3083 Henricboen,
1008 3016 1126 3083 tagenio
1143 3016 1199 3069 Dc

192 3088 303 3154 doleia,
321 3085 511 3155 morigerante
534 3085 615 3167 Weq,
634 3084 792 3168 refugiente
809 3086 984 3167 Andreqepss
1005 3091 1021 3140 8
1040 3086 1200 3165 aquandum

192 3173 254 3213 noca
274 3173 376 3225 aquam
397 3159 401 3225 Ι
426 3156 518 3225 Atque
536 3156 638 3211 nialla
656 3156 750 3228 (nulia
767 3157 808 3212 cel
825 3155 960 3210 ubensrlta
977 3155 1093 3225 Sollion)
1111 3157 1200 3225 tepus

194 3242 287 3281 secum
310 3226 453 3295 plerisque
476 3227 535 3281 AB
558 3229 689 3294 (aliorum
711 3233 824 3284 comm
847 3229 881 3284 de
899 3229 956 3284 loco
973 3227 1031 3281 ioan
1048 3225 1201 3282 insanabili

192 3313 217 3353 v.
235 3298 312 3419 “plld
334 3297 627 3421 qepthiplssaopc
644 3299 755 3422 ‘unffi'
771 3298 976 3436 ffl'ss‘lvrl
994 3297 1131 3421 llablll
1144 3311 1201 3436 ῗοι

192 3384 268 3504 {qu
290 3369 534 3505 Selotimeepinitio
553 3386 673 3504 molal:
690 3437 708 3492 i.
727 3436 844 3492 ultimae
864 3437 981 3492 aestatis
1000 3438 1128 3493 Butam
1152 3438 1157 3506 l
1187 3442 1203 3491 8

194 3505 347 3576 Graupium
366 3507 414 3574 ΑΙ,
434 3504 597 3575 Grampium
617 3507 786 3563 Puteolanus
805 3510 810 3577 l
831 3513 865 3563 10
883 3506 1039 3577 periculum
1057 3523 1202 3562 commune
