2474 4068
213 181 279 247 310
318 217 321 222 -
576 180 744 237 CORNELII
760 179 878 236 Tuom

212 328 259 392 vel
272 347 340 390 raro
353 327 401 389 vel
414 345 590 412 numquam,
608 328 780 408 ingentibus
793 327 892 391 verbis
905 337 1137 410 persequantur:
1152 349 1224 392 cum

213 419 248 480 ad
262 435 349 478 veros
363 417 479 478 iudices
493 425 614 478 ventum
628 416 648 458 *
662 416 682 458 *
697 416 716 458 *

279 503 331 568 36.
355 502 374 546 *
388 503 408 546 *
422 503 442 546 *
456 522 521 565 rem
535 507 674 583 cogitant.
688 504 762 566 nihil
775 504 886 566 humile
900 503 947 566 rel
961 504 1109 568 abiectum
1119 506 1222 587 eloqui

211 599 337 675 poterat
373 610 478 671 magna
497 592 678 672 eloquentia,
699 595 777 654 sicut
790 593 918 674 flamma,
940 596 1065 655 materia
1083 594 1172 657 alitur
1192 604 1224 657 et

211 681 344 744 motibus
366 681 512 742 excitatur
535 689 565 741 et
586 681 701 742 urendo
724 680 869 742 clarescit
901 680 1004 743 eadem
1022 683 1098 742 ratio
1116 685 1147 744 in
1167 702 1222 745 no·

213 779 275 832 stra
293 786 412 848 quoque
431 769 550 830 civitate
567 771 758 848 antiquorum
771 768 971 847 eloquentiam
984 771 1128 848 provexit
1150 789 1222 832 nam

185 860 270 920 setsi
291 857 399 918 horum
422 874 541 935 quoquo
563 863 732 937 temporum
748 864 882 918 oratores
910 875 944 918 oa
969 860 1123 919 consecuti
1141 868 1222 941 sunt,

213 965 288 1027 quae
307 947 470 1024 composita
490 952 521 1005 et
541 947 642 1024 quieta
660 953 690 1006 et
703 944 789 1006 beata
805 962 837 1006 re
852 944 971 1024 publica
984 944 1076 1007 tribui
1089 946 1134 1006 ias
1148 957 1221 1027 erat,

213 1043 312 1096 tamen
330 1033 379 1094 illa
397 1031 620 1112 perturbatione
639 1051 673 1094 ac
691 1033 810 1094 licentia
828 1033 914 1111 plura
934 1031 991 1094 sibi
1005 1032 1128 1113 adsequi
1141 1034 1221 1095 ride·

213 1123 335 1203 bantur,
363 1139 431 1182 cum
450 1123 550 1181 mixtis
568 1120 705 1182 omnibus
723 1129 754 1182 ct
773 1120 959 1182 moderatore
974 1139 1033 1182 uno
1048 1122 1220 1183 carentibus

214 1219 330 1274 tantum
345 1211 472 1289 quisque
487 1216 587 1270 orator
601 1217 732 1288 saperet,
747 1216 890 1289 quantum
904 1211 1016 1270 erranti
1029 1210 1139 1290 populo
1154 1229 1221 1290 per·

174 1318 200 1359 ro
215 1298 340 1360 suadere
354 1305 478 1377 poterat
501 1296 571 1358 hinc
581 1295 661 1376 leges
672 1297 806 1359 assiduae
820 1306 851 1359 et
864 1296 1006 1377 populare
1020 1315 1136 1379 nomen,
1151 1299 1221 1360 hinc

214 1388 367 1447 contiones
381 1387 605 1463 magistratuum
618 1402 712 1462 paene
726 1387 964 1464 pernoctantium
976 1387 1009 1446 in
1021 1389 1136 1467 rostris,
1151 1387 1221 1448 hinc

214 1474 418 1535 accusationes
438 1474 605 1551 potentium
618 1489 741 1533 reorum
754 1483 784 1534 et
797 1473 966 1553 adsignatae
979 1475 1070 1535 etiam
1083 1474 1221 1537 domibus

214 1562 398 1642 inimicitiae,
420 1559 490 1622 binc
513 1577 674 1639 procerum
691 1561 833 1623 factiones
851 1570 882 1622 et
903 1561 1022 1622 assidua
1035 1569 1156 1624 senatus
1171 1564 1220 1624 ad·

215 1667 319 1711 versus
342 1648 459 1728 plebem
477 1650 647 1710 certamina.
692 1667 768 1728 quae
795 1649 909 1729 singula
934 1651 992 1710 etsi
1019 1649 1229 1724 distrahebant

176 1755 201 1796 aa
215 1756 279 1799 rem
292 1737 451 1818 publicam,
465 1736 643 1798 exercebant
656 1744 756 1800 tantm
769 1735 886 1798 illorum
900 1745 1068 1817 temporum
1082 1738 1229 1819 eloquin-3

215 1829 286 1889 tiam
310 1833 339 1886 et
362 1827 476 1904 magnis
495 1824 800 1904 cumularepraemiis
820 1824 1004 1908 videbantur,
1028 1827 1096 1908 quia
1111 1837 1221 1907 quanto

216 1917 342 1994 quisque
362 1913 430 1994 plns
451 1912 576 1975 dicendo
596 1920 726 1993 poterat,
751 1920 833 1974 tanto
854 1912 969 1975 facilius
989 1915 1119 1976 bonores
1138 1916 1219 1977 adse-

216 2004 376 2082 quebatur,
394 2009 476 2063 tanto
495 2003 587 2080 magis
610 2003 642 2062 in
659 2003 734 2080 ipsis
752 2000 916 2062 bonoribus
935 2000 1061 2080 collegas
1080 2020 1151 2064 suos
1171 2023 1220 2064 an·

215 2090 320 2171 teibat,
342 2097 424 2150 tanto
447 2087 515 2167 plus
533 2089 611 2167 apud
628 2091 780 2168 principes
801 2091 925 2170 gratiae,
948 2088 1015 2168 plus
1034 2093 1218 2152 auctoritatis

175 2195 202 2236 so
216 2177 294 2259 apud
312 2184 425 2257 patres,
448 2176 516 2255 plus
534 2179 655 2237 notitiae
673 2195 707 2239 ac
726 2178 854 2239 nominis
868 2176 946 2256 apud
960 2175 1077 2255 plebem
1090 2179 1219 2258 parabat.

215 2267 248 2328 hi
274 2263 421 2327 clientelis
440 2266 529 2324 etiam
551 2270 720 2326 exterarum
741 2267 895 2326 nationum
918 2264 1137 2347 redundabant,
1167 2268 1219 2326 bos

215 2356 288 2417 ituri
301 2356 333 2415 in
347 2353 514 2433 provincias
527 2353 716 2431 magistratus
730 2351 956 2433 reverebantur,
978 2354 1033 2413 bos
1047 2356 1161 2414 reversi
1174 2373 1220 2414 oo·

217 2441 330 2523 lebant,
351 2440 406 2502 bos
425 2448 455 2501 et
472 2446 630 2520 praeturae
643 2447 674 2502 et
687 2440 858 2502 consulatus
871 2458 978 2502 vocare
991 2440 1070 2502 ultro
1084 2441 1220 2503 rideban-

216 2538 279 2612 tur,
296 2530 329 2591 bi
342 2515 501 2608 ne'privatl
515 2527 634 2608 quidem
648 2529 712 2590 sino
726 2535 872 2608 potestate
887 2535 985 2610 erant,
1003 2547 1072 2590 cum
1086 2537 1117 2590 et
1130 2545 1228 2610 popu-3

176 2635 202 2675 aa
216 2618 279 2680 lum
296 2625 327 2680 et
340 2624 475 2678 senatum
489 2615 613 2677 consilio
628 2624 657 2677 et
670 2618 846 2678 auctoritate
860 2625 1007 2695 regerent.
1044 2620 1117 2696 quin
1130 2620 1228 2702 immol

216 2705 350 2784 sibiipsi
368 2711 578 2783 persuaserant
595 2707 744 2766 neminem
761 2705 826 2766 sine
845 2703 1013 2784 eloquentia
1031 2713 1082 2766 aut
1100 2706 1228 2786 adsequi

216 2809 304 2875 posse
325 2794 356 2852 in
377 2793 494 2852 civitate
514 2799 565 2852 aut
578 2795 657 2853 tucri
671 2793 866 2871 conspicuum
879 2802 910 2853 et
923 2795 1102 2853 eminentem
1116 2792 1220 2856 locum.

216 2900 272 2944 nec
286 2882 404 2962 mbum,
417 2897 486 2940 cum
496 2880 584 2940 etiam
594 2881 679 2940 invlti
693 2879 729 2942 ad
737 2879 880 2961 populum
894 2881 1141 2964 producerentur,
1155 2900 1220 2943 cum

287 3083 333 3155 85,
348 3091 382 3140 22
400 3084 604 3154 persequantur
619 3083 700 3168 Pota
717 3085 923 3168 prosequuntur
938 3086 942 3153 Ι
958 3091 992 3142 23
1010 3085 1138 3156 ventum]
1160 3085 1220 3139 ‘Hic

216 3156 318 3214 desunt
336 3171 385 3211 sex
401 3153 529 3237 pagelle'
548 3155 577 3209 B
600 3159 626 3210 et
647 3156 773 3237 semeleter
790 3157 806 3211 b
824 3157 857 3210 ia
873 3172 933 3211 mur
952 3176 990 3237 .,·,
1004 3156 1037 3236 ip
1056 3155 1114 3212 OF
1129 3161 1167 3211 cst
1183 3157 1227 3210 la·¹

216 3173 1035 3365 olatonvictorinam
1054 3224 1219 3351 utar

216 3311 466 3435 bbfflmmoaff’r
497 3371 530 3420 tt
548 3381 641 3420 rerum
659 3365 787 3422 Bb¹0F
809 3369 813 3436 Ι
840 3372 873 3421 16
893 3365 1038 3421 stimulare
1054 3313 1222 3422 1(boreeelisserb

216 3435 276 3490 coll.
295 3450 317 3490 c.
336 3437 373 3514 2⁹⁷
390 3434 429 3488 ia.
451 3436 455 3500 Ι
476 3436 648 3558 soporabat
667 3437 809 3492 Putem:
827 3436 987 3506 probabat!
1003 3443 1037 3492 26
1057 3434 1113 3508 ipsi
1131 3453 1179 3494 om.
1198 3437 1222 3502 t,

216 3503 280 3571 foed.
299 3517 367 3569 quan
385 3516 480 3557 omnes
499 3503 523 3556 si
542 3504 552 3558 i
569 3507 766 3574 persuaserant
1226 3523 1227 3548 t
