2474 4068
195 119 262 183 274
546 115 715 172 CORNELII
732 115 849 170 ΤΑΟΙἹῚ

199 265 353 324 festinatae
373 264 478 323 mortis
497 263 607 341 grande
629 262 771 323 solacium
790 261 857 323 tulit
876 262 1003 322 evasisse
1022 267 1219 338 postremum

197 350 271 412 illud
285 358 411 431 tempus,
426 368 484 429 quo
494 350 678 411 Domitmnus
693 367 753 410 non
767 352 893 427 iamper
907 347 1062 408 intervalla
1075 367 1116 409 ac
1127 350 1220 427 spira-

198 448 297 500 menta
311 446 491 518 temporum,
516 438 567 498 sed
587 439 728 498 continuo
744 445 774 497 et
788 435 868 497 velut
881 454 941 497 nno
956 438 1018 497 ictu
1033 453 1107 497 rem
1122 435 1220 514 publi·

158 551 186 591 ro
200 545 263 588 cam
278 527 420 587 exhausit.

265 611 317 675 45.
340 613 405 673 Non
423 613 496 673 vidit
513 612 649 690 Agricola
668 611 819 672 obsessam
838 613 950 672 curiam
965 618 995 671 et
1012 610 1163 672 clausum
1178 630 1219 672 ar-

199 704 255 763 mis
270 707 403 761 senatum
419 708 450 760 et
463 700 565 760 eadem
580 708 677 778 strage
693 706 738 760 tot
752 698 952 760 consularium
967 700 1085 780 caedes,
1101 707 1156 760 tot
1170 719 1219 758 no·

199 789 410 850 bilissimarum
424 788 600 848 feminarum
614 787 700 848 exilia
724 795 754 846 et
772 788 864 864 fugas.
889 804 947 847 una
967 787 1063 848 adhuc
1084 789 1218 848 victoria

199 877 291 937 Carus
310 875 417 936 Metius
436 875 625 955 censebatur,
646 881 676 936 et
694 876 772 934 iutra
791 873 932 934 Albanam
946 891 1045 935 arcem
1059 879 1217 936 sententia

175 962 351 1028 sMessalini
365 962 527 1044 strepebat,
551 970 581 1023 et
598 962 693 1022 Massa
714 961 840 1022 Baebius
861 960 946 1038 [iam]
966 969 1030 1022 tum
1044 980 1119 1023 reus
1141 971 1218 1024 erat:

199 1071 267 1113 mox
281 1058 399 1112 nostrae
414 1051 524 1112 duxere
538 1050 705 1110 Helvidium
718 1051 750 1110 in
764 1067 916 1110 carcerem
925 1067 1043 1130 manus3
1057 1068 1115 1110 nos
1135 1051 1217 1111 blau

199 1143 256 1201 rici
269 1139 443 1217 Rusticique
458 1141 552 1219 visus,
571 1156 625 1198 nos
639 1139 790 1198 innocenti
805 1139 948 1215 sanguine
969 1137 1095 1198 Senecm
1109 1141 1216 1218 perlu-

200 1229 251 1288 dit.
282 1227 360 1286 Nero
376 1234 472 1287 tamen
487 1225 633 1286 subtraxit
647 1225 748 1285 oculos
762 1243 834 1285 suos
847 1226 993 1304 iussitque
1007 1225 1134 1307 scelera,
1159 1246 1215 1287 non

200 1317 355 1394 spectavit:
369 1315 528 1391 praecipua
547 1312 602 1372 sub
621 1312 986 1374 llomitiano'miseriarum
1000 1331 1069 1391 pars
1089 1323 1164 1374 erat
1178 1317 1215 1374 vi-

160 1426 186 1466 10
201 1403 271 1462 dere
290 1407 320 1461 et
333 1403 434 1480 aspici,
453 1418 521 1461 cum
536 1401 663 1478 suspiria
677 1407 779 1460 nostra
789 1399 1059 1480 subscriberentur‚
1075 1419 1152 1462 cum
1169 1403 1214 1462 de

200 1488 336 1550 notandis
351 1494 395 1548 tot
412 1487 565 1548 bominum
583 1487 744 1566 palloribus
759 1489 910 1549 sulllceret
924 1506 1029 1549 saevus
1043 1487 1094 1549 ille
1109 1490 1215 1551 vultus

201 1584 230 1638 et
247 1576 348 1656 rubor,
364 1594 422 1654 quo
437 1593 469 1636 se
484 1584 587 1636 contra
601 1575 745 1654 pudorem
758 1575 919 1637 muniebat.

266 1664 311 1725 Tu
325 1682 394 1724 vero
414 1664 492 1744 felix,
510 1663 658 1744 Agricola,
677 1681 737 1725 non
754 1666 831 1724 vitae
850 1671 965 1725 tantum
984 1663 1134 1746 claritate,
1162 1667 1214 1726 sed

200 1755 289 1814 etiam
303 1754 523 1832 opportunitate
536 1754 649 1812 mortis.
667 1760 701 1812 ut
710 1750 868 1829 perhibent
883 1754 934 1830 qui
945 1751 1151 1813 interfuerunt
1161 1772 1213 1814 no-

161 1863 186 1904 11
201 1843 329 1902 vissimis
344 1839 530 1900 sermonibus
545 1843 619 1920 tuis,
638 1848 776 1901 constans
791 1847 821 1900 et
839 1838 934 1901 libens
948 1840 1040 1900 latum
1054 1843 1214 1920 excepisti,

201 1937 349 2006 tamquam
371 1944 425 2006 pro
450 1928 527 1987 virili
549 1930 685 2006 portione
704 1929 902 1988 innocentiam
924 1929 1053 2007 principi
1071 1927 1212 1989 donares.

201 2015 253 2076 sed
278 2015 352 2074 mihi
369 2014 505 2094 tiliaeque
526 2017 590 2075 eius
609 2021 727 2093 praeter
746 2015 938 2076 acerbitatem
957 2016 1089 2095 parentis
1111 2019 1211 2094 erepti

201 2109 288 2180 auget
302 2103 490 2181 maestitiam,
510 2103 587 2180 quod
609 2102 743 2162 adsidere
758 2101 933 2182 valetudini,
955 2105 1053 2164 lovere
1068 2103 1211 2165 delicien-

202 2199 274 2270 tem,
294 2190 395 2249 satiari
409 2188 493 2249 vultu
507 2189 720 2268 complexuque
745 2207 806 2250 non
824 2192 957 2268 contigit.
986 2194 1210 2270 excepissemus

160 2301 187 2341 1ο
201 2285 282 2340 certe
295 2276 432 2339 mandata
446 2293 604 2358 vocesque,
623 2295 696 2355 quas
714 2279 833 2356 penitus
853 2280 950 2338 animo
965 2279 1133 2358 ligeremus.
1159 2299 1209 2341 no-

201 2374 262 2428 ster
275 2366 324 2426 bic
339 2363 438 2446 dolor,
462 2372 597 2425 nostrum
611 2365 730 2447 vulnus,
753 2365 839 2426 nobis
857 2374 918 2426 tam
935 2366 1038 2444 longae
1057 2367 1210 2429 absentiae

201 2455 373 2516 condicione
384 2460 451 2514 ante
462 2452 688 2533 quadriennium
702 2455 828 2514 amissus
843 2461 897 2514 est.
920 2457 1017 2514 omnia
1028 2456 1091 2515 sine
1107 2455 1209 2536 dubio,

201 2546 309 2621 optime
324 2549 494 2621 parentum,
518 2541 670 2602 adsidente
689 2543 888 2602 amantissima
913 2560 1005 2602 uxore
1031 2544 1210 2622 superfuero

200 2629 307 2689 honori
327 2636 391 2690 tuo:
409 2629 600 2707 paucioribus
621 2637 719 2690 tamen
736 2628 865 2690 lacrimis
884 2630 1083 2709 comploratus
1107 2649 1156 2712 es,
1182 2641 1210 2692 et

159 2738 187 2778 11
201 2717 358 2775 novissima
372 2717 403 2775 in
417 2715 483 2776 luce
498 2716 702 2777 desideravere
717 2717 826 2796 aliquid
841 2718 920 2778 ocull
934 2721 986 2778 tui.

272 2864 318 2932 45,
335 2871 348 2918 1
368 2866 476 2920 clusum
494 2869 520 2921 A
546 2869 550 2936 Ι
575 2867 698 2922 illatus
716 2867 819 2922 Metius
837 2869 1001 2924 Rhenanus:
1022 2868 1122 2924 charos
1142 2871 1208 2940 (cla-

201 2953 248 2991 rus
267 2936 304 3004 B)
327 2934 424 2990 mitius
453 2938 458 3006 Ι
488 2935 580 2992 biam
598 2953 648 2993 1111.
666 2940 704 3006 B,
724 2938 809 2992 etiam
827 2939 888 2992 tum
906 2939 935 2995 J.
956 2938 1008 2995 Fr.
1028 2940 1206 3011 Gronovius}

203 3015 218 3063 6
242 3005 408 3062 Mauricium
432 3006 605 3074 Rusticumq.
625 3007 771 3062 diuisimus
794 3026 855 3064 mar
873 3025 888 3065 o
906 3008 934 3063 A
938 3049 947 3076 ‚
975 3013 1207 3080 1111111111πὶ111-

201 3094 261 3132 111111
279 3094 332 3133 esse
351 3079 508 3146 (admodum
522 3080 667 3146 infelicem)
682 3079 830 3147 Pomponii
871 3081 925 3136 aeti
943 3086 1068 3149 apparet,
1086 3086 1118 3136 ut
1136 3082 1208 3136 oliae

203 3149 326 3204 lectiones
343 3149 375 3204 in
392 3165 477 3218 morp.
496 3150 537 3215 A,
556 3150 628 3204 celet
646 3149 724 3215 infra
741 3165 766 3204 c.
780 3154 818 3206 24
841 3153 884 3214 12
903 3148 979 3203 risus
998 3150 1113 3204 horrore
1131 3150 1207 3206 Here

201 3219 331 3287 1111111111
352 3216 464 3273 Senecio
485 3220 490 3288 Ι
512 3225 543 3272 11
561 3217 670 3288 pallore
689 3217 783 3272 oribus
808 3219 897 3287 Wecl
920 3226 952 3274 12
971 3236 1026 3288 quo
1044 3220 1172 3290 Lepsios:
1192 3237 1208 3274 1

204 3302 258 3354 quo
281 3288 285 3357 1
308 3292 341 3341 14
358 3287 546 3356 perhiberent,
565 3306 612 3344 em.
633 3289 823 3358 Puteolanus!
844 3295 877 3345 17
897 3289 968 3360 eius]
989 3292 1206 3347 11111οΜ111-

201 3359 317 3420 1111119
336 3357 515 3425 excepissem‚
534 3375 581 3412 em.
602 3358 725 3413 Picltcoa
745 3364 748 3425 Ι
772 3365 804 3412 21
823 3358 905 3413 nobis
924 3376 974 3415 om.
992 3361 1020 3414 B
1036 3364 1040 3428 Ι
1056 3360 1143 3431 longe
1159 3361 1206 3428 Αἱ,

201 3426 314 3478 nostrae
323 3425 351 3477 B
366 3428 371 3495 Ι
387 3424 580 3480 cornemium
595 3427 699 3484 Urlichs
714 3430 720 3499 Ι
736 3427 853 3482 amissus
864 3444 892 3483 es
902 3429 1054 3487 libertabus
1069 3433 1074 3502 Ι
1090 3439 1125 3488 nt
1136 3447 1207 3486 com·
