2474 4068
252 189 345 247 Dion.
364 192 411 246 DE
431 189 657 249 ORATOROEUS
676 200 789 249 20-21.
964 197 1029 261 295

18 349 65 402 tus
89 342 172 400 enim
194 339 322 417 quisque
344 337 425 398 Calvi
438 340 470 398 in
488 338 615 400 Asitium
633 341 728 401 autin
743 339 871 402 Drusum
885 339 977 421 legit?
999 352 1030 405 at

19 428 121 490 hercle
137 429 169 487 in
188 428 319 486 omnium
333 427 534 488 studiosorum
548 427 684 488 manibus
698 436 854 489 versantur
867 433 1029 492 accusatio·

21 535 71 578 nes
89 516 212 594 quaein
226 512 373 574 Vatinium
389 514 606 595 inscribuntur,
621 534 654 576 ac
675 519 834 595 praecipue
849 518 978 579 secunda
993 537 1029 580 ex
1043 542 1072 583 ro

21 605 63 665 his
80 604 192 682 oratio;
211 608 257 662 est
271 604 349 662 enim
363 601 461 662 verbis
476 610 578 663 ornata
592 610 622 664 et
637 607 804 684 sententiis,
819 605 940 666 auribus
954 607 1029 667 iudi·

21 711 90 754 oum
104 689 335 769 accommodata,
347 696 381 749 ut
390 692 466 751 scias
480 693 578 768 ipsum
588 709 705 770 quoque
716 691 836 752 Calvum
849 693 1029 754 intellexisse

21 780 94 858 quid
108 777 215 839 melius
230 785 317 856 esset,
331 795 386 837 nec
400 777 580 840 voluntatem
594 781 631 860 ei,
645 797 703 858 quo
717 784 816 841 minos
830 781 985 843 sublimius
1000 790 1031 842 et

21 868 134 929 cultius
145 866 268 944 diceret,
282 865 334 925 sed
348 867 500 943 ingenium
510 885 544 927 ac
553 869 632 927 vires
640 867 778 928 debrisse.
802 866 896 946 quid?
909 887 945 929 ex
960 869 1029 931 Cae-

19 957 109 1016 lianis
135 952 319 1014 orationibus
344 970 449 1031 nempe
476 972 526 1015 eae
551 954 677 1034 placent,
703 957 763 1016 sive
788 958 943 1017 universae
968 960 1029 1018 sire
1044 980 1070 1021 15

20 1051 123 1122 partes
137 1059 250 1120 earum,
263 1042 295 1101 in
305 1040 412 1119 quibus
423 1043 550 1102 nitorem
560 1051 589 1102 et
598 1041 783 1102 altitudinem
797 1043 905 1104 horum
918 1052 1029 1124 tempo·

21 1150 90 1191 rum
111 1130 328 1208 adgnoscimus
366 1129 469 1189 sordes
494 1137 593 1190 autem
617 1130 684 1191 illae
709 1132 868 1192 verborum
889 1140 923 1192 et
945 1131 1030 1193 hians

22 1219 199 1297 compositio
223 1224 254 1277 et
276 1216 420 1277 inconditi
443 1234 549 1278 sensus
577 1218 711 1278 redolent
734 1221 951 1300 antiquitatem;
974 1237 1030 1280 nec

21 1322 203 1386 quemquam
217 1304 289 1364 adeo
308 1306 506 1383 antiquarium
524 1313 610 1385 puto,
638 1314 672 1366 ut
691 1305 821 1368 Caelium
839 1325 875 1367 ex
894 1325 928 1367 ea
945 1314 1030 1386 parte

20 1394 124 1455 laudet
150 1410 207 1470 qua
230 1393 370 1470 antiquus
392 1399 446 1452 est.
488 1393 683 1454 concedamus
707 1411 777 1455 sane
796 1394 826 1455 G.
846 1394 972 1476 Caesari,
995 1403 1029 1457 ut
1044 1419 1070 1458 eo

22 1489 148 1561 propter
168 1479 401 1558 magnitudinem
420 1481 631 1558 cogitationum
650 1491 681 1542 et
703 1485 911 1560 occupationes
929 1501 1031 1544 rerum

22 1573 122 1631 minus
142 1569 173 1628 in
192 1567 358 1646 eloquentia
372 1567 511 1648 effecerit,
539 1587 627 1647 quam
646 1569 778 1629 divinum
797 1572 861 1630 eius
879 1573 1031 1648 ingenium

23 1654 206 1736 postulabat,
229 1663 289 1716 tam
303 1655 424 1716 hercule
438 1673 526 1735 quam
540 1656 666 1718 Brutum
680 1656 882 1734 philosophiae
901 1675 971 1718 suae
985 1676 1030 1718 re·

23 1746 207 1824 linquamus3
220 1745 330 1803 namin
349 1742 531 1804 orationibus
546 1747 690 1804 minorem
705 1761 770 1803 esse
784 1743 860 1805 lama
875 1763 927 1805 sua
942 1747 1030 1805 etiam

23 1835 219 1894 admiratores
237 1832 301 1891 eius
320 1831 462 1892 fatentur:
494 1833 553 1892 nisi
571 1832 646 1892 iortc
661 1833 817 1911 quisquam
832 1840 883 1893 aut
896 1831 1029 1893 Caesaris
1044 1855 1070 1895 ss

22 1940 76 2000 pro
97 1919 189 1980 Decio
209 1917 340 1978 Samnite
359 1926 410 1978 aut
427 1918 513 1979 Bruti
531 1937 585 1998 pro
607 1918 743 1979 Deiotaro
766 1936 836 1998 rege
855 1927 1030 1999 ceterosque

22 2008 160 2070 eiusdem
177 2005 362 2066 lentitudinis
381 2024 415 2066 ao
434 2009 547 2084 teporis
560 2006 652 2067 libros
665 2007 750 2087 legit,
772 2009 832 2067 nisi
851 2009 902 2086 qui
920 2015 950 2068 et
968 2026 1031 2069 car·

21 2100 104 2158 mina
119 2093 283 2155 eorundem
296 2095 429 2155 miratur.
458 2095 594 2155 iecerunt
612 2097 689 2155 enim
705 2102 734 2155 et
749 2096 878 2156 carmina
893 2102 923 2156 et
936 2098 968 2156 in
981 2095 1032 2176 by·

20 2183 189 2246 bliothecas
203 2179 395 2261 rettulerunt,
413 2199 474 2242 non
487 2182 593 2243 melius
608 2201 696 2261 quam
710 2181 826 2262 Cicero,
841 2183 893 2243 sed
907 2183 1032 2266 felicius,

22 2275 94 2352 quia
113 2269 181 2331 illos
199 2270 305 2331 iecisse
324 2270 480 2347 pauciores
501 2273 607 2331 sciunt.
644 2271 763 2331 Asinius
778 2289 908 2351 quoque,
932 2290 1031 2349 quam·
1045 2295 1073 2334 oo

22 2377 114 2439 quam
136 2356 326 2436 propioribus
347 2357 531 2436 temporibus
550 2366 637 2419 natus
652 2361 703 2437 sit,
730 2358 847 2418 ridetur
866 2358 940 2417 mihi
953 2361 1032 2418 inter

21 2448 179 2508 Menenios
197 2453 228 2506 et
249 2445 359 2522 Appios
383 2445 541 2506 studuisse.
578 2445 736 2506 Pacuvium
762 2452 843 2505 certe
862 2452 892 2504 et
909 2445 1033 2505 Accium

22 2553 84 2597 non
100 2533 197 2594 solum
211 2535 243 2593 ire
257 2532 416 2610 tragoediis
431 2533 582 2594 sedetiam
596 2531 779 2593 orationibus
794 2534 856 2592 suis
871 2534 1033 2614 expressit;

23 2624 98 2684 adeo
118 2621 213 2682 durus
231 2627 261 2680 et
279 2621 377 2681 siccus
396 2628 449 2682 est.
483 2623 575 2681 oratio
590 2627 701 2701 autem,
725 2621 803 2680 sicut
817 2637 925 2698 corpus
940 2620 1033 2682 homi·

24 2714 79 2791 nis,
103 2726 140 2770 ea
159 2708 277 2769 demum
295 2707 419 2786 pulchra
437 2716 491 2789 est,
514 2711 545 2769 in
564 2726 621 2787 qua
639 2726 699 2768 non
718 2709 848 2768 eminent
866 2726 957 2769 venae
976 2726 1032 2770 nec
1046 2729 1072 2772 eo

95 2877 179 2944 21,8
209 2875 287 2930 Calvi
309 2876 365 2930 ista
387 2875 418 2930 in
436 2876 595 2960 'Schulte'np
622 2879 766 2962 Broterios
790 2877 982 2958 accusationes
1000 2894 1035 2961 ep

24 2945 1038 3099 attestedparentele-,berthanae‚ea

23 3095 56 3157 (o.
79 3089 118 3144 ad
137 3091 253 3168 15,·13),
273 3087 432 3141 scnbuntur
450 3088 480 3142 F
502 3092 506 3156 1
533 3093 565 3141 11
584 3089 619 3142 irs
639 3090 654 3142 b
679 3091 684 3156 l
709 3088 738 3140 et
755 3087 847 3140 verbis
866 3085 1033 3167 Aodresertnl

23 3157 590 3297 tirbbthttttttbttitti
604 3156 958 3307 'tilvlffilllffi'
974 3173 1035 3296 tlt

23 3300 90 3354 illae
112 3298 153 3352 F:
177 3313 207 3352 re
260 3313 293 3352 ae
310 3298 400 3365 Boc,
424 3297 538 3353 hercule
556 3298 689 3366 Ribbeck,
712 3296 834 3350 rerculea
855 3297 957 3380 tiddhlp
977 3299 1035 3381 1¹25

23 3387 90 3423 num
109 3368 183 3423 forte
231 3371 334 3434 laesere,
360 3384 412 3422 neo
435 3368 492 3424 fere
514 3367 668 3424 Groeooim
697 3370 701 3434 1
731 3373 764 3422 tt
784 3368 890 3436 tepens
908 3367 1034 3436 Lepores:

24 3438 162 3566 ilprpporis
178 3440 183 3508 Ι
199 3443 233 3493 28
252 3437 459 3510 bybliothecas]
478 3440 547 3496 eicb
564 3443 568 3506 l
585 3445 618 3492 30
638 3437 770 3507 quiistos
784 3437 833 3493 Bb
849 3440 853 3506 l
869 3443 903 3492 33
921 3437 952 3492 in
969 3438 1035 3494 odd

49 3530 61 3566 a
86 3527 117 3566 er
