2490 4066
155 228 327 284 cosnuuu
344 227 463 284 ructu
481 229 574 287 uun.
592 229 641 284 ou
661 229 857 287 onnu1-a.
935 229 1000 295 277

10 375 167 457 adderent,
194 377 289 436 isdem
306 395 386 437 nunc
405 379 537 437 numeris
556 376 708 456 isdemque
724 377 887 439 rationibus
901 396 1001 456 perse·

10 482 77 543 quar,
91 471 207 524 servato
222 464 325 524 ordine
340 464 556 543 disputationis.
579 483 676 544 neque
691 467 769 525 euim
784 465 879 526 deluit
893 469 945 544 qui
959 466 1000 526 di·

10 569 108 611 ersam
124 569 242 630 quoque
260 559 376 629 partem
399 554 574 633 susciperet,
593 571 626 613 ao
645 553 770 613 multum
794 562 896 614 vexata
914 561 944 614 et
957 556 1000 614 in·
1014 575 1041 616 so

10 639 51 698 isa
72 645 217 699 vetustate
232 646 402 701 nostrorum
421 647 588 718 temporum
599 640 797 718 eloquentiam
812 643 1000 720 antiquorum

10 729 120 804 ngeniis
134 727 304 787 anteferret

58 811 89 874 2.
112 813 185 873 Nam
203 822 325 891 postero
343 813 391 874 dio
411 832 499 892 quam
517 813 667 875 Curiatius
690 813 841 875 Maternus
860 815 1000 877 Catonem

10 903 178 982 ecitaverat,
193 920 261 962 cum
276 901 433 962 offendisse
446 903 613 979 potentium
628 904 741 962 animos
756 903 915 983 diceretur,
928 912 1000 964 tam-

10 1007 81 1068 pam
96 991 129 1048 in
143 1007 178 1049 eo
192 989 359 1068 tragoediae
374 995 547 1068 argumento
559 991 606 1050 sui
616 988 725 1050 oblitus
735 997 850 1051 tantum
860 990 1001 1051 Catonem

10 1080 166 1157 agitasset,
189 1094 282 1156 eaque
304 1076 341 1137 de
360 1094 393 1137 re
411 1094 466 1155 per
483 1075 589 1137 urbem
607 1077 747 1156 frequens
768 1095 865 1137 sermo
879 1077 1001 1138 babere-

10 1182 54 1244 ur,
73 1163 271 1226 veneruntad
287 1183 355 1225 eum
368 1164 486 1225 Marcus
500 1164 579 1242 Aper
597 1172 628 1225 et
641 1164 732 1225 lulius
747 1164 910 1247 Secundus,
925 1166 1001 1226 cele.
1014 1188 1026 1228 ι

10 1255 124 1312 cerrima
147 1260 212 1313 tum
229 1254 346 1331 ingenia
366 1253 423 1313 iori
442 1253 550 1331 nostri,
579 1269 653 1330 quos
672 1270 726 1330 ego
750 1254 781 1312 in
804 1253 923 1314 iudiciis
941 1271 1001 1314 non

10 1339 165 1418 utrosque]
181 1340 267 1400 modo
283 1340 414 1401 studiose
429 1338 597 1420 audiebam,
616 1339 668 1400 sed
688 1340 767 1400 domi
786 1359 904 1420 quoque
923 1349 952 1401 et
970 1344 1002 1401 in

10 1427 114 1488 ›ublico
134 1426 306 1488 adsectabar
320 1429 395 1488 mira
410 1427 577 1488 studiorum
591 1428 751 1506 cupiditate
771 1436 801 1489 et
815 1430 942 1507 quodam
956 1447 1001 1489 ar·

10 1513 62 1575 lore
78 1515 211 1596 iuvenili,
230 1522 263 1576 ut
286 1513 399 1575 fabulas
419 1533 537 1594 quoque
560 1533 664 1576 eorum
695 1524 724 1576 et
743 1516 957 1596 disputationes
972 1524 1002 1577 et

10 1621 99 1663 rcana
111 1610 241 1663 semotae
251 1601 391 1663 dictionis
400 1605 520 1681 penitus
534 1605 711 1683 exciperem,
726 1606 859 1681 quamvis
873 1604 1000 1682 maligue
1014 1628 1040 1668 ro

10 1689 128 1768 ›torique
144 1692 345 1770 opinarentur,
361 1708 416 1750 nec
424 1689 561 1751 Secundo
570 1698 741 1768 promptum
756 1709 821 1751 esse
835 1709 1001 1752 sermonem

10 1787 22 1838 t
39 1779 154 1856 Aprum
172 1780 291 1856 ingenio
310 1780 410 1856 potius
429 1786 460 1839 et
478 1780 507 1837 vi
523 1785 647 1838 naturae
664 1795 750 1856 quam
771 1781 956 1839 institutione
972 1786 1002 1839 et

10 1867 101 1926 itteris
121 1865 227 1926 lamam
242 1865 428 1944 eloquentiae
442 1873 643 1926 consecutum.
666 1883 734 1926 uam
754 1873 783 1926 et
798 1865 934 1926 Secundo
948 1885 1001 1944 pu·

10 1972 42 2014 us
61 1962 93 2014 et
117 1971 241 2032 pressus
260 1962 303 2034 et,
330 1955 362 2013 in
381 1961 524 2032 quantum
543 1955 614 2013 satis
634 1961 709 2033 erat,
732 1953 884 2031 profluens
903 1972 1000 2014 sermo

10 2059 47 2102 ton
68 2042 178 2122 deluit,
208 2049 238 2102 et
256 2041 336 2119 Aper
354 2043 435 2101 omni
452 2041 618 2101 eruditione
643 2041 775 2101 imbutus
794 2041 1040 2105 contemnebatur

11 2133 90 2191 otius
105 2129 220 2190 litteras
235 2147 322 2207 quam
341 2128 499 2209 nesciebat,
517 2135 667 2207 tamquam
678 2132 819 2190 maiorem
837 2129 1000 2191 industriae

11 2225 23 2278 t
38 2217 151 2278 laboris
170 2217 292 2295 gloriam
310 2215 479 2296 habiturus,
499 2218 524 2276 si
542 2219 694 2295 ingenium
712 2219 777 2279 eius
791 2217 880 2278 nullis
894 2217 1000 2278 aliena·

11 2323 57 2366 um
73 2307 185 2365 artium
200 2303 386 2365 adminiculis
399 2306 487 2364 inniti
500 2305 660 2366 videretur.

55 2391 86 2454 3.
115 2392 209 2470 Igitur
237 2399 271 2452 ut
297 2393 471 2452 intravimus
493 2391 662 2453 cubiculum
685 2392 822 2474 Materni,
848 2393 1000 2453 sedentem

11 2497 159 2560 psumque,
174 2497 263 2558 quem
272 2480 367 2559 pridie
377 2482 552 2540 recitaverat
563 2479 681 2560 librum,
690 2482 882 2541 intermanus
891 2479 999 2540 habeu-

12 2585 50 2628 em
66 2566 329 2645 deprehendimus.

55 2656 136 2716 Tum
151 2654 306 2715 Secundus
321 2651 444 2715 ‘nihilne
459 2650 499 2715 te'
515 2656 620 2736 inquit,
635 2651 790 2735 blateras,
811 2654 925 2716 fabulae
939 2672 998 2715 ma·

12 2743 142 2820 ignorum
159 2750 288 2822 terrent,
311 2760 370 2821 quo
388 2745 487 2803 miuus
505 2741 631 2803 offensas
650 2742 769 2803 Catonis
783 2745 828 2803 tui
841 2740 943 2804 ames?
961 2761 1025 2805 ano

12 2829 55 2892 leo
76 2831 189 2891 librum
207 2833 299 2891 istum
318 2829 547 2911 adprehendisti,
565 2838 600 2891 ut
618 2830 788 2909 diligentius
812 2838 998 2911 retractares,

14 2919 161 2980 tsublatis
180 2921 206 2978 sl
225 2936 283 2996 qua
296 2936 402 2996 pravae
417 2919 654 2996 interpretationi
672 2921 824 2979 materiam
843 2919 998 2999 dederuut,

13 3010 145 3066 mitteres
166 3005 306 3068 Catonem
325 3023 385 3067 nou
405 3005 523 3084 quidem
542 3005 709 3086 meliorem,
727 3005 779 3066 sed
797 3014 896 3067 tamen
914 3023 997 3066 secu-

13 3088 140 3155 iorem?'

59 3264 88 3329 1,
105 3267 138 3316 18
156 3261 287 3316 redderet
306 3261 381 3332 OF!
396 3277 549 3330 persequar
563 3262 643 3316 Poe:
661 3261 834 3330 prosequar}
851 3261 877 3328 2,
892 3266 908 3315 2
926 3261 997 3315 bam-
1092 3304 1097 3312 ,

13 3349 74 3398 pam
93 3347 152 3386 non
169 3331 200 3385 in
218 3333 331 3402 Sauppe
350 3335 355 3400 Ι
381 3339 397 3387 ‘1
417 3332 574 3404 [utrosque]
594 3331 693 3397 Bitter,
716 3333 848 3399 utrosque
862 3336 926 3400 post
944 3346 997 3401 ego

13 3401 114 3472 tctopco
143 3405 147 3470 Ι
179 3408 210 3456 15
230 3403 306 3457 omni
324 3401 365 3457 F:
385 3407 419 3456 eu
435 3403 522 3469 Boc,
540 3404 603 3470 sort.
623 3401 713 3456 multo
742 3407 746 3472 Ι
775 3402 832 3470 3,2
851 3400 997 3470 ipsumque

13 3474 141 3598 querceti,
165 3471 295 3596 lVoltber,
314 3474 347 3530 in
364 3473 455 3543 Lesbo.
474 3473 531 3528 Lot.
550 3473 617 3528 Zeia.
637 3477 725 3542 1833,
744 3490 771 3528 n.
786 3477 856 3530 288:
882 3471 994 3544 ipsum}

14 3559 61 3598 rer
105 3558 228 3598 neamus:
252 3560 282 3596 ur
295 3558 328 3597 re
