2474 4068
202 188 267 252 306
551 185 721 242 CORNELII
736 185 857 242 uteru

201 336 342 397 nilestum
358 342 411 416 est,
426 333 575 413 possideat
587 337 655 413 quis
665 329 740 414 quie
751 335 865 414 profert
875 351 911 396 an
921 340 1083 396 mutuetur.
1103 333 1225 395 deinde

176 437 189 478 s
203 427 266 503 ipsa
279 423 441 484 multarum
454 424 562 483 artium
577 424 700 484 seientia
715 425 803 484 etiam
818 422 896 484 aliud
912 429 1032 501 agentes
1046 439 1102 483 nos
1116 430 1226 503 ornat,

203 521 291 593 atque
305 510 357 572 ubi
370 513 491 571 minime
505 511 622 591 eredas,
643 513 753 572 eminet
770 518 801 571 et
815 509 940 571 excellit.
972 509 1063 590 idque
1081 527 1142 571 uon
1162 510 1223 570 do-

203 607 269 662 etus
283 599 371 661 modo
386 606 416 660 et
429 598 561 677 prudens
575 599 700 680 auditor,
715 599 767 660 sed
782 600 871 659 etiam
883 597 1012 678 populus
1025 597 1172 677 intellegit
1181 617 1223 658 ao

203 691 303 750 statim
325 689 366 747 ita
384 685 470 747 laude
489 687 694 766 prosequitur,
718 693 752 748 ut
769 685 899 764 legitime
919 685 1082 766 studuisse,
1104 694 1140 747 ut
1158 704 1222 764 per

204 791 306 837 omnes
325 773 510 852 eloquentiae
529 791 670 835 numeros
689 775 762 856 isse,
780 781 814 835 ut
833 774 960 852 denique
979 781 1127 835 oratorem
1146 791 1220 834 esse

162 874 189 915 ¹⁰
205 864 344 943 lateatur3
367 879 456 940 quem
481 879 540 923 non
559 879 647 940 posse
666 861 752 923 aliter
770 863 898 924 existere
921 879 976 924 nee
995 863 1129 922 extitisse
1149 879 1218 922 um·

203 969 292 1031 quam
311 950 469 1030 confirmo,
486 951 546 1010 nisi
568 967 649 1029 eum,
673 951 725 1029 qui
748 957 897 1028 tamquam
915 951 947 1009 in
967 951 1058 1011 aciem
1073 949 1217 1010 omnibus

203 1040 294 1100 armis
307 1039 483 1118 instructus,
498 1039 540 1098 sic
554 1039 585 1097 in
600 1037 697 1098 lorum
712 1036 849 1099 omuibus
863 1036 979 1098 artibus
992 1044 1124 1098 armatus
1135 1040 1217 1098 exie·

203 1129 251 1188 rit.
282 1126 361 1206 quod
380 1125 452 1185 adeo
472 1124 639 1204 neglegitur
657 1124 693 1186 ab
712 1125 819 1187 horum
837 1132 1004 1203 temporum
1024 1124 1159 1205 disertis,
1180 1134 1217 1186 ut

204 1217 235 1276 in
254 1212 420 1276 actionibus
440 1230 543 1274 eorum
561 1213 651 1274 huius
671 1231 788 1292 quoque
807 1213 949 1274 cotidiani
962 1214 1108 1274 sermonis
1127 1213 1228 1273 ioeda

165 1311 191 1353 ¹⁵
204 1321 239 1364 ae
253 1300 391 1381 pudenda
404 1302 474 1362 vitia
489 1300 762 1382 deprehendantur3
780 1307 815 1362 ut
827 1302 966 1380 ignorent
983 1300 1077 1381 leges,
1095 1318 1156 1362 nou
1170 1309 1217 1362 te·

203 1397 292 1451 noant
307 1396 427 1450 senatus
442 1387 589 1469 consulta,
607 1391 654 1450 ius
669 1390 796 1450 civitatis
809 1388 888 1449 ultro
908 1388 1075 1470 derideant,
1096 1391 1213 1467 sapien·

203 1480 261 1538 tiae
280 1494 349 1537 vero
369 1474 501 1536 studium
520 1483 550 1537 et
563 1483 720 1555 praecepta
734 1476 927 1555 prudentium
944 1479 1063 1556 penitus
1077 1477 1215 1537 reformi-

204 1566 282 1627 dent.
298 1566 329 1625 in
343 1564 538 1643 p'aueissimos
553 1581 658 1625 sensus
673 1571 709 1625 et'
716 1571 856 1643 angustas
870 1567 1032 1626 sententias
1047 1563 1215 1626 detrudunt

204 1653 402 1733 eloquentiam
416 1651 497 1713 velut
510 1651 661 1731 expulsam
675 1669 766 1730 regno
782 1669 845 1733 suo,
859 1659 893 1713 ut
906 1669 982 1731 quae
996 1652 1066 1713 olim
1079 1654 1229 1714 omnium¹

165 1751 191 1792 ¹⁰
205 1745 312 1804 artium
326 1741 445 1802 domina
458 1739 659 1819 pulcherrimo
674 1741 815 1801 comitatu
828 1748 949 1818 pectora
963 1739 1113 1822 implebat,
1131 1758 1216 1802 nuno

205 1832 379 1892 circumcisa
401 1835 431 1889 et
449 1835 611 1909 amputata,
630 1829 694 1889 aine
715 1834 870 1910 apparatu,
889 1829 954 1889 sino
973 1827 1099 1909 honore,
1117 1845 1215 1907 paene

205 1919 330 1979 dixerim
348 1918 412 1977 sine
431 1917 628 1998 ingenuitate,
652 1917 737 1996 quasi
754 1933 813 1977 una
832 1933 869 1976 ex
891 1915 1103 1977 sordidissimis
1121 1918 1215 1977 artifi-

205 2009 259 2067 oiis
278 2006 418 2066 discatur.
445 2022 515 2083 ergo
534 2003 611 2066 hano
628 2006 754 2083 primam
774 2011 803 2065 et
821 2005 1011 2084 praeeipuam
1029 2021 1148 2066 eausam
1168 2023 1215 2064 ar·

205 2094 313 2173 bitror,
337 2110 391 2152 eur
416 2093 448 2152 in
467 2099 582 2152 tantum
601 2091 637 2153 ab
657 2091 824 2171 eloquentia
847 2093 1038 2170 antiquorum
1060 2099 1214 2153 oratorum

165 2189 191 2230 ²⁵
206 2181 427 2241 recesserimus.
473 2181 499 2239 si
517 2186 610 2240 testes
629 2179 843 2259 desiderantur,
867 2197 942 2258 quos
964 2181 1097 2259 potiores
1118 2183 1213 2241 nomi·

206 2267 281 2330 nabo
305 2284 393 2346 quam
411 2266 489 2346 apud
508 2266 636 2327 Graecos
654 2265 896 2348 Demosthenem,
920 2285 1009 2346 quem
1032 2267 1213 2329 studiosissi-

206 2374 287 2419 mum
301 2354 431 2416 Platonis
446 2354 611 2416 auditorem
632 2355 724 2415 luisse
741 2357 902 2416 memoriae
916 2356 1067 2434 proditum
1081 2352 1148 2416 est?
1184 2364 1214 2417 et

207 2445 310 2506 Cicero
328 2442 388 2522 his,
412 2450 446 2503 ut
460 2445 577 2522 opinor,
591 2442 695 2504 'verbis
708 2443 813 2524 refert,
837 2444 981 2523 quidquid
999 2442 1214 2523 ineloquentia

207 2533 355 2611 elleoerit,
372 2530 403 2591 id
423 2549 455 2592 se
473 2549 532 2592 noa
551 2530 705 2592 rhetorum
723 2531 868 2607 officinis,
889 2531 941 2592 sed
955 2530 1129 2592 Academiae
1148 2549 1213 2612 spa-

167 2632 192 2672 to
206 2622 257 2682 tiis
272 2626 472 2681 consecutum.
506 2628 575 2680 suut
594 2618 666 2680 aliae
687 2636 805 2699 causae,
824 2636 946 2698 magnae
960 2627 991 2681 et
1004 2637 1121 2700 graves,
1140 2637 1213 2700 quas

207 2726 224 2768 a
237 2707 320 2768 vobis
334 2708 444 2785 aperiri
463 2724 589 2785 aequum
604 2716 657 2786 est,
678 2709 815 2786 quoniam
834 2706 954 2785 quidem
972 2725 1026 2786 ego
1040 2710 1098 2768 iam
1113 2726 1213 2769 meum

206 2811 315 2856 munus
330 2793 457 2873 explevi,
475 2801 506 2854 et
520 2794 599 2873 quod
613 2795 686 2855 mihi
699 2797 730 2855 in
745 2794 960 2855 consuetudine
974 2801 1034 2875 est,
1053 2797 1125 2856 satis
1138 2795 1213 2856 mul-

206 2891 254 2944 tos
282 2881 402 2961 oilendi,
431 2899 518 2961 quos,
549 2883 574 2941 si
602 2882 678 2942 forte
700 2880 774 2942 haee
797 2882 957 2962 audierint,
981 2890 1096 2943 eertum
1118 2883 1212 2944 habeo

277 3017 323 3085 82,
338 3023 354 3070 9
372 3014 428 3070 isse
447 3013 488 3070 F:
507 3013 563 3070 isse
581 3016 612 3069 ot
629 3015 707 3071 BdO
733 3016 739 3085 Ι
768 3021 802 3070 10
821 3014 917 3071 aliter:
936 3015 1024 3070 alium
1042 3017 1185 3073 Andre-reu
1206 3017 1209 3088 Ι

207 3103 298 3156 neque
316 3087 348 3142 F
374 3089 379 3156 Ι
408 3092 443 3141 14
464 3084 547 3140 huius
569 3102 633 3140 nos:
660 3085 703 3141 ius
725 3087 767 3142 vel
784 3085 828 3140 nis
846 3086 944 3157 (ipsius
963 3087 1117 3155 Michaelis,
1136 3089 1213 3142 etiae

207 3160 264 3213 loco
281 3158 363 3212 molis
381 3158 450 3227 ipsa,
469 3156 535 3212 vilis
554 3157 691 3226 Bdltrena)
716 3158 720 3225 Ι
745 3161 777 3212 td
795 3174 852 3212 non
871 3157 938 3213 ort:
957 3173 1009 3211 nee
1027 3158 1097 3227 Bet
1120 3164 1151 3212 16
1169 3156 1212 3212 ius

206 3227 288 3281 civile
302 3227 427 3282 Briareus
442 3230 447 3297 Ι
464 3232 497 3282 1e
517 3227 669 3309 detrudunt
679 3226 747 3296 det
756 3227 1199 3309 ooukoeamrdetrudaninF
1206 3227 1211 3300 l

206 3304 328 3447 isitii
347 3296 421 3436 iii
435 3297 533 3422 eat
538 3298 855 3438 turitunii
861 3298 1139 3436 ‘minatio
1156 3297 1213 3424 ii

205 3452 236 3490 m
254 3435 401 3490 Aedole'ue
420 3437 425 3505 Ι
446 3435 565 3491 officinis
583 3439 672 3507 suppl.
691 3438 787 3494 Haase
804 3455 838 3494 ee
857 3438 913 3496 Oia.
934 3439 1011 3495 Orat.
1029 3438 1124 3512 §121
1143 3445 1175 3494 tt
1196 3454 1213 3494 a

205 3519 256 3562 nm.
273 3504 278 3574 Ι
294 3509 327 3558 8³
346 3519 416 3573 quos
436 3507 577 3562 Pithoeus:
596 3506 672 3577 quod
688 3511 692 3577 Ι
709 3507 869 3564 audiueriui
887 3511 903 3568 b
