2474 4068
391 169 595 226 ismenian
614 177 727 226 27-31.
997 169 1062 235 263

46 316 215 378 concordia
229 314 475 398 propulsandum,
493 317 689 396 legationibus
703 328 733 380 et
746 318 917 380 foederibus
930 319 1062 379 omnium

47 407 209 466 civitatum
229 406 309 465 vires
328 406 503 466 exciverant.
533 407 650 484 iamque
669 424 760 484 super
779 408 901 485 triginta
923 406 1003 467 milia
1017 424 1062 466 ar·

47 501 201 554 matorum
221 491 453 571 aspiciebantur,
477 502 508 553 et
526 492 622 554 adhuc
641 493 787 554 adtinebat
805 496 900 555 omnis
923 496 1062 555 iuventus

48 590 85 642 ot
103 580 215 660 quilius
235 580 326 641 cruda
344 599 378 640 ac
397 581 500 641 viridis
519 589 670 661 senectus,
689 582 761 642 clari
779 581 856 642 bello
871 588 901 642 et
915 599 968 642 sua
982 583 1061 660 quis·

49 687 113 748 que
129 669 236 729 decora
251 675 413 748 gestantes,
436 686 505 730 cum
522 671 601 729 inter
619 669 720 747 plures
735 669 825 731 duces
845 672 955 730 virtute
970 678 1000 729 et
1013 687 1060 747 ge·
1076 693 1101 735 aa

50 775 128 818 nere
152 762 306 835 praestans
331 758 450 816 nomine
473 754 614 834 Calgacus
633 757 711 836 apud
730 765 909 818 contractam
928 756 1062 818 multitu-

49 845 156 906 dinem
169 842 316 922 proelium
328 852 500 921 poscentem
514 845 546 904 in
559 844 639 905 bunc
658 844 778 906 modum
791 845 909 906 locutus
923 846 1031 905 lemur:

122 928 174 993 30.
198 927 353 1002 ‘Quotiens
375 949 479 993 causas
498 930 569 992 belli
586 939 616 992 et
635 935 842 993 necessitatem
865 940 995 992 nostram
1018 933 1062 992 in·

53 1030 158 1099 tueor,
176 1037 300 1097 magnus
314 1018 388 1079 mihi
401 1021 517 1080 animus
531 1027 577 1079 est
589 1019 767 1080 hodiernum
781 1020 858 1080 diem
873 1037 1062 1081 consensum·

51 1125 115 1187 que
135 1115 268 1168 vestrum
285 1107 405 1168 initium
423 1105 569 1167 libertatis
589 1110 645 1167 toti
660 1107 828 1167 Britanniae
847 1107 923 1188 lore3
945 1125 1014 1167 nam
1033 1113 1063 1167 et

52 1196 190 1257 universi
204 1195 356 1255 servitutis
370 1204 507 1273 expertes
522 1201 552 1254 et
565 1193 663 1255 nullae
680 1195 758 1255 ultra
771 1202 868 1255 terrae
882 1213 916 1255 ao
930 1212 968 1254 ne
982 1212 1063 1254 mare

54 1283 178 1363 quidem
197 1300 336 1343 securum
354 1285 516 1343 inminente
535 1281 621 1342 nobis
640 1281 733 1343 classe
752 1282 889 1343 Romana.
916 1284 958 1343 ita
977 1299 1090 1362 proc-⁶

53 1373 130 1433 lium
145 1377 233 1449 atque
248 1388 341 1450 arma,
365 1389 439 1449 quae
454 1369 581 1430 fortibus
594 1370 731 1450 honesta,
756 1370 858 1431 eadem
877 1373 965 1431 etiam
982 1373 1063 1448 igna-

54 1462 100 1520 vis
115 1460 263 1520 tutissima
282 1466 360 1519 sunt.
396 1459 512 1536 priores
526 1475 656 1539 pugnae,
678 1459 786 1537 quibam
805 1459 946 1519 adversus
960 1458 1063 1518 Roma·

55 1565 111 1609 nos
127 1548 206 1607 varia
220 1547 338 1607 fortuna
353 1554 497 1607 certatum
512 1554 565 1626 est,
581 1565 664 1626 spem
678 1565 711 1607 ac
728 1546 894 1607 subsidium
907 1549 939 1606 in
953 1548 1063 1607 nostris

55 1634 193 1696 manibns
212 1633 371 1714 habebant,
393 1636 461 1713 quia
481 1633 658 1694 nobilissimi
677 1636 768 1694 totius
786 1633 955 1694 Britanniae
969 1652 1063 1713 eoque

55 1727 88 1784 in
106 1725 181 1802 ipsis
199 1720 400 1801 penetralibus
419 1723 470 1782 siti
488 1740 542 1782 nec
561 1723 754 1782 servientium
772 1720 858 1781 litora
877 1723 1063 1802 aspicientes,
1078 1747 1104 1787 ιο

56 1811 160 1873 oculos
175 1827 293 1889 quoqne
308 1828 324 1870 a
339 1816 478 1870 contactu
492 1809 700 1870 dominationis
709 1807 864 1868 inviolatos
873 1808 1063 1869 habebamus.

56 1917 112 1960 nos
130 1905 279 1958 terrarum
302 1916 336 1958 ao
354 1897 500 1958 lihertatis
524 1905 671 1957 extremos
690 1914 827 1958 recessus
846 1898 909 1975 ipse
928 1913 962 1956 ac
981 1898 1063 1957 sinus

57 1984 1063 2065 iamaeinhuncdiemdelendit;atqueomneignotnmpromagnifico

57 2084 118 2136 est:
146 2074 198 2134 sed
222 2091 302 2134 nunc
324 2075 470 2134 terminus
492 2072 661 2134 Britanniae
684 2081 778 2153 patet,
801 2071 881 2133 nulla
904 2075 962 2134 iam
986 2072 1064 2133 ultra

57 2180 141 2244 gens,
164 2161 238 2222 nihil
256 2162 316 2222 nisi
332 2161 441 2223 lluctus
460 2168 490 2222 et
509 2178 592 2241 saxa,
611 2168 641 2221 et
659 2162 828 2222 infestiores
841 2160 974 2241 Romani,
994 2178 1064 2239 qno·
1078 2182 1103 2224 rs

58 2269 128 2312 rum
146 2249 316 2329 snperbiam
334 2250 445 2310 frustra
464 2267 518 2328 per
532 2249 708 2328 obsequium
722 2269 756 2310 ac
769 2249 943 2309 modestiam
957 2249 1065 2326 elinge-

57 2341 111 2400 ris.
153 2346 288 2416 raptores
307 2336 402 2417 orbis,
429 2344 586 2416 postquam
604 2345 711 2398 cuncta
738 2336 921 2397 vastantmus
944 2335 1066 2396 deluere

57 2435 165 2506 terrae,
183 2427 241 2485 iam
256 2431 285 2485 et
299 2442 379 2485 mare
394 2431 579 2486 scrutantur:
602 2427 629 2484 si
642 2424 773 2503 locuples
787 2424 881 2484 hostis
896 2430 953 2504 est,
976 2424 1065 2505 avari,

57 2517 85 2575 si
99 2530 227 2594 pauper,
241 2512 397 2593 ambitiosi,
412 2530 486 2591 qnos
500 2529 559 2571 non
574 2511 695 2591 Oriens,
709 2529 769 2571 non
783 2510 929 2571 Occidens
943 2511 1065 2571 satiare·

57 2605 111 2663 rit:
139 2601 194 2662 soli
212 2602 344 2661 omnium
368 2618 439 2678 opes
458 2607 546 2678 atque
565 2600 695 2677 inopiam
715 2601 779 2676 pari
793 2597 910 2658 adiectu
926 2601 1064 2677 concupi·
1079 2624 1105 2664 aa

60 2696 157 2751 scunt.
190 2688 308 2748 auferre
326 2687 476 2748 trucidare
495 2705 599 2765 rapere
619 2685 699 2748 falsis
714 2686 883 2747 nominihus
897 2688 1065 2770 imperium,

57 2785 148 2856 atque
163 2775 215 2837 ubi
229 2775 419 2836 solitudinem
434 2776 555 2855 iaciunt,
568 2793 671 2853 pacem
686 2769 854 2854 appellant?

126 2861 177 2926 31.
202 2859 337 2924 ‘Liberos
355 2865 463 2942 cuique
482 2881 515 2922 ac
534 2866 718 2943 propinquos
737 2882 807 2925 suos
825 2871 931 2925 natura
950 2865 1066 2925 carissi·

59 2969 125 3013 mos
145 2969 211 3013 esse
230 2951 336 3011 voluit:
359 2950 391 3009 hi
408 2968 463 3030 per
481 2949 607 3011 dilectus
626 2951 695 3011 alibi
714 2955 855 3013 servituri
874 2952 1066 3012 auferuntur:

57 3042 201 3119 coniuges
225 3056 402 3117 sororesque
427 3040 515 3099 etiam
539 3039 565 3099 si
582 3039 721 3100 hostilem
746 3040 898 3099 libidinem
917 3039 1066 3120 effugiant,

56 3210 96 3276 A,
115 3208 162 3263 sed
180 3209 278 3264 additu
295 3211 312 3261 1
326 3224 361 3262 m.
376 3213 484 3277 pwnntu
501 3207 734 3276 transpositionis,
753 3207 787 3274 of.
803 3223 823 3262 c.
840 3211 877 3263 12
894 3207 898 3276 l
914 3207 960 3275 so,
977 3213 1009 3262 12
1028 3207 1066 3263 oi·

56 3277 192 3333 nitatium
209 3277 237 3332 Β
262 3279 267 3346 Ι
290 3276 378 3349 XXX]
399 3277 498 3331 LXXX
515 3278 684 3348 Nipperdey,
703 3274 803 3330 CXXX
825 3276 931 3334 Urlioloa
954 3281 959 3347 1
989 3279 1065 3346 ΒΜ

55 3363 266 3416 consensusque
284 3348 311 3402 B
327 3350 332 3417 Ι
348 3355 364 3403 a
382 3348 502 3402 nauibus
520 3348 548 3403 Β
564 3350 568 3417 Ι
591 3354 623 3402 13
643 3349 740 3415 atque.
751 3347 814 3404 ‚sed
831 3347 892 3402 AB
908 3355 971 3418 post
987 3349 1068 3418 patet

55 3421 172 3488 babeam
189 3421 271 3474 cerba
288 3423 515 3488 transposuerunt
527 3418 636 3490 Brueys
654 3419 764 3488 aliique,
783 3418 892 3489 [atqua
904 3420 979 3491 sod]
999 3421 1067 3475 Mu·

54 3495 131 3549 retus
147 3491 152 3560 l
170 3493 202 3543 18
221 3491 312 3544 terrae
330 3488 389 3543 iam
406 3505 467 3545 noa:
486 3490 590 3544 terram
608 3490 710 3560 (terrae
729 3489 889 3558 Bhenanus)
