2474 4068
209 209 273 274 282
556 205 860 262 consummem

209 356 265 417 bus
286 353 411 416 saeculis
426 353 558 432 exempla
571 353 676 434 edidit,
696 353 731 414 ad
747 373 835 433 quam
849 372 944 433 usque
958 355 1105 416 fortunam
1119 355 1211 416 homi·

169 467 196 506 10
209 462 262 504 nes
276 444 388 522 ingenii
401 441 514 502 viribus
528 443 731 522 pervenerint,
746 441 797 502 sed
812 441 899 522 baec,
913 449 947 502 ut
961 460 1050 520 supra
1065 443 1135 524 diri,
1148 461 1212 523 pro·

208 535 286 592 xima
305 539 335 592 et
354 548 428 609 quae
447 547 506 590 non
521 529 623 590 auditu
638 529 855 610 cognoscenda,
880 529 932 590 sed
947 529 1041 590 oeulis
1056 532 1212 608 spectanda

209 619 394 680 haberemus.
413 635 480 678 nam
496 635 554 695 quo
570 615 718 677 sordidius
733 626 762 677 et
776 616 921 678 abiectius
935 619 997 677 nati
1012 625 1082 678 sunt
1097 637 1211 697 quoqne

208 706 367 768 notabilior
389 711 548 784 paupertas
571 711 601 764 et
620 707 772 783 angustiae
790 723 893 765 rerum
911 713 1068 766 nascentes
1088 724 1138 766 eos
1160 709 1211 766 cir-

209 800 440 874 cumsteterunt,
468 809 502 852 eo
526 792 650 852 clariora
674 801 703 852 et
727 792 762 852 ad
787 792 1046 854 demonstrandam
1069 796 1211 854 oratoriae

169 903 195 944 aa
210 882 394 960 eloquentiae
417 879 574 941 utilitatem
597 880 768 941 inlustriora
791 879 923 958 exempla
942 890 1024 961 sunt,
1054 881 1132 959 quod
1152 883 1211 941 sine

209 969 462 1031 commendatione
481 967 630 1048 natalium,
654 971 717 1028 sino
732 967 897 1028 substantia
911 968 1092 1050 facultatum,
1109 977 1213 1030 neuter

208 1057 342 1118 moribus
357 1058 506 1136 egregius,
522 1055 597 1116 alter
610 1055 713 1116 habitu
733 1073 851 1134 quoque
869 1058 1003 1134 corporis
1018 1064 1210 1135 contemptae,

208 1163 262 1223 per
284 1144 392 1205 multos
413 1147 471 1204 iarn
490 1161 582 1204 annos
601 1145 799 1222 potentissimi
818 1151 887 1204 sunt
908 1145 1036 1204 civitatis
1050 1162 1097 1224 ae,
1121 1145 1210 1204 donec

208 1233 307 1313 libuit,
331 1234 481 1311 principes
504 1231 574 1312 fori,
601 1250 680 1292 nunc
703 1232 855 1310 principes
877 1233 908 1291 in
935 1229 1068 1293 Caesaris
1087 1235 1210 1293 amicitia

165 1328 299 1398 magunt
317 1321 475 1397 feruntque
490 1326 597 1380 cuncta
611 1328 700 1398 atque
714 1319 830 1397 abipso
848 1321 983 1397 principe
1002 1338 1070 1380 crim
1090 1322 1210 1399 quadam

208 1409 372 1467 reverentia
387 1406 559 1486 diliguntur,
579 1409 648 1484 quia
662 1407 868 1488 Vespasianus,
882 1407 1058 1468 venerabilis
1073 1426 1164 1469 senex
1186 1417 1211 1466 et

208 1496 442 1572 patientissimus
465 1495 541 1575 veri,
564 1493 640 1555 bene
663 1493 808 1572 intellegit
831 1501 947 1555 ceteros
966 1495 1086 1575 quidem
1105 1499 1210 1556 amicos

209 1600 278 1642 suos
297 1583 333 1643 iis
355 1583 423 1660 niti,
448 1599 522 1660 quae
542 1580 578 1640 ab
592 1583 658 1660 ipso
672 1584 842 1660 acceperint
857 1600 990 1661 quaeque
1005 1585 1063 1661 ipsi
1076 1602 1209 1645 accumu-

208 1670 269 1730 lare
288 1678 318 1730 et
335 1672 366 1731 in
385 1669 457 1730 alios
476 1687 637 1748 congerere
655 1677 826 1748 promptum
850 1672 901 1750 sit,
924 1669 1095 1731 Marcellum
1116 1679 1227 1732 autem¹

165 1780 193 1820 aa
209 1766 238 1818 et
252 1757 390 1836 Crispum
409 1757 543 1818 attulisse
562 1757 597 1817 ad
612 1760 770 1818 amicitiam
785 1774 866 1818 suam
882 1757 961 1836 quod
976 1776 1036 1818 non
1050 1777 1066 1818 a
1079 1761 1210 1836 principe
1226 1767 1227 1848 p

208 1849 378 1924 acceperint
396 1863 451 1906 nee
473 1846 567 1924 accipi
580 1847 682 1924 possit.
710 1846 865 1905 minimum
879 1848 957 1906 inter
971 1853 1016 1906 tot
1029 1863 1063 1907 ac
1077 1852 1159 1908 tanta
1172 1845 1209 1905 lo·
1226 1853 1227 1866 ¹

208 1951 275 1993 curn
296 1936 430 2012 optinent
448 1936 590 2011 imagines
610 1951 643 1994 ac
662 1933 742 1994 tituli
760 1940 788 1994 et
803 1940 930 2014 statuae,
951 1951 1025 2011 quae
1040 1951 1137 2012 neque
1152 1937 1209 2013 ipsa

208 2029 305 2081 tamen
320 2020 524 2101 negleguntur,
542 2029 602 2081 tarn
620 2021 742 2082 hercule
761 2038 847 2099 quam
868 2021 985 2082 divitiae
1000 2029 1030 2082 et
1043 2040 1125 2102 opes,
1143 2038 1208 2100 quas

208 2107 323 2167 facilius
342 2109 474 2168 invenies
493 2111 545 2186 qui
558 2111 706 2186 vituperet
725 2125 812 2188 quam
832 2111 884 2187 qui
901 2109 1038 2169 fastidiat.
1061 2108 1109 2168 bis
1123 2111 1208 2188 igitur

167 2217 196 2258 ao
210 2203 239 2255 et
262 2194 425 2255 honoribus
449 2203 478 2256 et
502 2199 684 2256 ornamentis
707 2204 737 2257 et
755 2195 943 2257 facultatibus
962 2196 1087 2257 refertas
1111 2196 1208 2257 domos

208 2300 310 2344 eorum
324 2282 471 2364 videmus,
489 2285 542 2361 qui
551 2281 587 2344 'se
603 2283 640 2343 ab
653 2286 774 2344 ineunte
789 2283 989 2344 adulescentia
1003 2286 1103 2344 causis
1117 2285 1207 2345 foren·
1225 2323 1226 2366 }

208 2370 291 2432 sibus
305 2378 335 2431 et
349 2373 478 2432 oratorio
493 2371 591 2432 studio
606 2371 759 2431 dederunt.
1225 2409 1226 2448 3

273 2457 303 2520 9.
322 2459 394 2520 Nam
410 2461 539 2521 carmina
554 2466 583 2520 et
597 2477 710 2539 versuS,
731 2458 839 2538 quibus
854 2465 944 2518 totam
959 2460 1048 2519 vitam
1062 2457 1207 2521 Maternus

207 2549 356 2608 insumere
372 2555 452 2625 optat
467 2544 550 2626 (inde
567 2551 645 2608 enim
659 2549 755 2607 omnis
769 2546 855 2607 fluxit
873 2540 989 2629 oratio),
1007 2566 1105 2627 neque
1120 2548 1207 2627 digni·

208 2642 299 2695 tatem
314 2635 401 2694 ullam
417 2635 587 2696 auctoribus
603 2637 665 2696 suis
679 2634 837 2696 contiliant
851 2651 948 2714 neque
962 2636 1106 2696 utilitates
1118 2637 1206 2714 alunt;

209 2721 388 2799 voluptatem
411 2731 509 2783 autem
526 2721 656 2802 brevem,
677 2722 794 2783 laudem
812 2724 930 2784 inanem
949 2731 978 2784 et
997 2722 1206 2784 infructuosam

179 2829 193 2870 s
208 2815 440 2887 consequuntur.
462 2809 532 2869 licet
546 2810 619 2870 haec
633 2812 697 2887 ipsa
712 2818 741 2870 et
756 2828 829 2889 quae
845 2810 984 2888 deinceps
999 2811 1134 2872 dicturus
1146 2827 1205 2871 sum

206 2914 293 2956 aures
307 2903 388 2976 tuae,
403 2895 546 2978 blaterne,
560 2904 716 2979 respuant,
735 2900 785 2959 cui
798 2897 875 2958 bono
890 2905 949 2980 est,
963 2900 987 2958 si
1003 2899 1080 2978 apud
1095 2907 1124 2959 te
1138 2899 1205 2977 Aga·

276 3101 333 3168 8,e
353 3100 389 3154 od
408 3101 541 3168 quantam
559 3101 725 3170 Acidaliae!
743 3106 775 3154 12
793 3099 947 3156 babeamus
961 3101 1073 3158 Droulce
1088 3103 1093 3170 Ι
1111 3107 1143 3156 13
1163 3119 1204 3156 an-

205 3171 315 3240 gustiae
333 3187 426 3225 rerum
445 3171 571 3240 Lepsios:
591 3170 723 3239 angustia
741 3172 888 3240 ereptum!
906 3177 939 3226 15
956 3172 1135 3227 nobilitatem
1145 3173 1205 3226 Aci-

204 3243 311 3308 dala'uo,
337 3240 506 3311 dignitatem
525 3241 639 3310 Spengel
667 3243 672 3310 l
703 3247 734 3295 19
753 3258 827 3294 nnnc
847 3241 1011 3313 [principes]
1031 3241 1203 3308 Helntret'ebl

204 3317 238 3364 22
258 3312 365 3364 ceteros
386 3312 464 3366 Pet:
493 3311 522 3365 et
540 3312 648 3365 eeteros
667 3312 708 3378 (et
726 3310 813 3364 sentit
831 3311 938 3366 ceteros
959 3311 987 3368 0.
1005 3313 1111 3381 Kraut)
1141 3314 1146 3381 Ι
1176 3317 1204 3366 23

96 3387 98 3396 “
203 3380 247 3433 his
262 3381 311 3435 Bb
326 3383 331 3449 Ι
347 3379 403 3449 ipsi
415 3380 542 3450 Lipsius:
561 3380 630 3450 ipsis
646 3383 651 3449 Ι
667 3386 702 3434 24
720 3379 758 3434 sit
775 3397 837 3436 uos:
856 3384 900 3436 est
915 3385 919 3452 Ι
936 3387 970 3436 26
988 3381 1061 3441 inter
1078 3383 1148 3437 haee
1167 3382 1225 3452 tot,

72 3449 77 3530 ,⁴
205 3450 345 3573 γιέῖιῑιόιῑι
367 3456 400 3505 at
419 3451 513 3504 aetate
532 3449 723 3506 adolescentia
742 3450 778 3518 F,
798 3452 890 3506 aetate
908 3453 1034 3508 Heraeus
1056 3456 1061 3522 Ι
1084 3453 1142 3522 ibo
1162 3457 1204 3506 de·
1224 3467 1225 3486 ¹

72 3531 98 3558 ’.μ’
203 3534 233 3572 m
254 3535 269 3572 θ
