2490 4066
261 225 354 279 orsu.
371 224 420 279 nn
439 225 670 282 onuroruuus
688 232 802 282 er-eo.
971 227 1037 293 313
1096 215 1100 227 '

9 375 130 434 tiones
149 383 234 435 crant
253 383 283 434 et
302 373 423 434 modum
441 373 559 433 dicendi
580 373 637 434 sibi
652 374 777 452 quisque
792 372 926 434 sumebat
940 380 970 435 ct
983 392 1064 438 nus

13 479 133 522 merus
154 479 252 540 neque
271 461 387 523 dierum
408 479 504 540 neque
518 467 712 539 patronorum
726 461 892 522 finiebatur.
923 463 1038 541 primus

13 549 104 610 haee
123 551 213 610 tertio
232 548 387 610 consulatu
413 548 464 610 Cn.
482 547 640 627 Pompeius
660 548 819 611 adstrinxit
838 551 1038 629 immsuitque

16 637 125 697 veluti
143 638 244 698 frenos
264 637 462 716 eloquentiae,
480 638 522 696 ita
536 645 633 697 tamen
648 644 682 697 ut
695 639 793 697 omnia
807 639 838 697 in
852 638 926 716 loro,
940 641 1038 698 omnia

18 724 156 805 legibus,
170 726 268 785 omnia
283 725 360 804 apud
374 732 525 804 praetores
539 731 729 803 gererentur:
747 725 824 804 apud
839 742 914 805 qnos
929 734 1037 804 quanto

17 814 143 873 maiora
168 815 285 891 negotia
308 812 378 873 olim
402 813 535 873 exerceri
553 812 637 873 solita
652 815 724 892 slnt,
748 813 826 891 quod
841 815 937 874 maius
953 831 1038 893 argu·
1054 835 1078 874 rc

19 907 165 961 mentum
189 907 235 961 est
257 918 345 979 quam
366 899 445 978 quod
466 917 571 960 causae
593 900 833 981 centumvirales,
858 919 934 980 quae
958 919 1038 963 nuno

19 991 163 1067 primum
176 990 312 1066 optinent
325 986 435 1066 locum,
455 987 529 1048 adeo
547 986 704 1066 splendore
722 987 847 1049 aliorum
860 988 1038 1050 iudiciorum

21 1074 244 1155 obruebantur,
259 1085 403 1154 utusque
417 1074 569 1136 Ciceronis
584 1093 681 1154 neque
695 1075 828 1136 Caesaris
842 1093 939 1154 neque
953 1077 1040 1136 Bruti

22 1182 129 1242 neque
144 1162 235 1225 Caelii
249 1181 346 1241 neque
360 1162 452 1242 Calvi,
471 1180 531 1223 nou
549 1163 676 1241 denique
695 1161 784 1224 ullius
799 1167 897 1242 magni
912 1166 1039 1225 oratoris

22 1251 108 1312 liber
127 1251 205 1331 apud
227 1252 428 1312 centumviros
446 1250 544 1310 dictus
561 1250 686 1330 legatur,
708 1253 840 1328 exeeptis
854 1251 1038 1312 orationibus
1053 1270 1078 1312 rs

24 1340 142 1418 Asinii,
166 1357 241 1417 quae
264 1355 319 1417 pro
342 1337 504 1399 heredibus
527 1337 667 1399 Urbiniae
690 1338 908 1418 inscribuntur,
923 1338 1038 1418 abipso

25 1435 131 1488 tamen
146 1426 277 1487 Pollione
291 1426 396 1487 mediis
411 1426 471 1486 divi
484 1425 609 1505 Augusti
623 1425 806 1504 temporibus
819 1425 946 1507 habitae,
960 1435 1039 1506 post-

27 1532 121 1594 quam
140 1513 225 1592 longa
244 1522 410 1593 temporum
429 1516 562 1593 quisset
581 1515 753 1575 continuum
771 1515 874 1592 populi
897 1516 990 1576 otium
1010 1523 1040 1576 et

27 1602 151 1662 assidua
172 1609 292 1663 senatus
310 1602 509 1680 tranquillitas
528 1609 559 1662 et
575 1603 701 1661 maxime
724 1603 870 1680 principis
884 1602 1039 1682 disciplina

28 1693 127 1769 ipsam
142 1708 259 1768 quoque
274 1689 472 1768 eloquentiam
487 1691 564 1750 sieut
578 1691 675 1748 omnia
690 1687 744 1748 elia
759 1699 921 1767 pacaverat.
1053 1711 1079 1752 so

99 1773 151 1837 39.
174 1776 300 1838 Parvum
322 1784 353 1837 et
370 1776 529 1838 ridiculum
547 1777 673 1838 fortasse
695 1776 830 1838 rideatur
849 1778 927 1857 quod
946 1778 1038 1839 di'ctu·

30 1882 176 1945 russum,
191 1865 285 1925 dicam
300 1873 412 1944 tamen,
435 1864 481 1925 vel
502 1865 567 1925 ideo
587 1872 620 1924 ut
634 1865 741 1925 ridear.
765 1874 907 1944 quantum
922 1865 1039 1926 humili·

29 1955 103 2013 tatis
126 1960 264 2031 putamus
287 1951 471 2031 eloquentiae
500 1951 632 2013 attulisse
656 1952 795 2032 paenulas
817 1955 903 2033 istas,
931 1953 1038 2033 quibus

31 2041 169 2104 adstricti
183 2048 214 2101 et
227 2039 307 2101 velut
319 2038 427 2101 inclusi
441 2058 509 2100 eum
522 2039 671 2100 iudicibus
686 2039 873 2103 fabulamur?
896 2050 1038 2121 quantum

31 2131 141 2188 virium
156 2129 317 2190 detraxisse
331 2129 458 2188 orationi
472 2128 615 2189 auditoria
630 2137 660 2189 et
674 2129 816 2190 tabularia
832 2131 993 2211 credimus,
1006 2133 1038 2192 in
1052 2151 1064 2190 ⁵

31 2215 143 2294 quibus
160 2217 219 2276 iam
237 2217 299 2277 iere
313 2214 456 2294 plurimae
467 2233 572 2277 causae
587 2214 792 2294 explicantur?
822 2235 890 2278 nam
906 2237 963 2298 qno
978 2235 1038 2279 mo·

32 2305 72 2364 do
94 2302 207 2364 nobiles
230 2322 322 2382 equos
344 2321 450 2365 cursus
472 2311 503 2364 et
527 2306 620 2382 spatia
641 2304 776 2385 probant,
799 2308 842 2366 sic
864 2314 910 2366 est
932 2306 1038 2384 aliquis

32 2397 187 2451 oratorum
205 2409 334 2471 campus,
357 2409 411 2470 per
432 2409 520 2470 quem
541 2394 600 2452 nisi
619 2391 707 2452 liberi
730 2401 761 2452 et·
780 2393 869 2453 soluti
889 2394 1038 2473 terantur,

33 2477 205 2539 debilitatur
219 2496 252 2539 ac
267 2480 414 2557 frangitur
428 2479 604 2559 eloquentia.
632 2481 726 2558 ipsam
746 2483 818 2558 quin
832 2483 921 2541 immo
937 2499 1038 2542 euram

33 2572 66 2626 et
75 2565 223 2644 diligentis
233 2564 293 2626 still
302 2568 479 2627 anxietatem
488 2569 665 2628 contrariam
675 2571 853 2649 experimur,
868 2569 936 2647 qnia
950 2587 1037 2647 saepe
1053 2588 1078 2629 ro

33 2655 198 2732 interrogat
211 2653 315 2734 iudex,
339 2654 455 2731 quando
469 2657 607 2735 incipias,
630 2662 660 2715 et
678 2673 714 2716 ex
728 2657 958 2734 interrogatione
973 2658 1037 2717 eins

34 2741 235 2819 incipiendum
249 2747 303 2802 cst.
330 2742 504 2819 frequenter
523 2742 748 2820 probationibus
762 2752 792 2804 et
809 2737 936 2804 testibus
951 2743 1037 2804 silen-

34 2831 109 2889 tium
129 2830 276 2906 inpatiens
296 2828 409 2889 indicit.
445 2847 523 2891 unus
548 2832 627 2890 inter
651 2830 725 2892 baec
752 2831 863 2893 dicenti
887 2839 938 2892 aut
964 2831 1038 2892 alter

36 2916 162 2996 adsistit,
186 2923 216 2976 et
234 2933 283 2977 res
302 2916 383 2978 velut
396 2918 428 2976 in
443 2916 601 2978 solitudine
615 2920 720 2996 agitur.
744 2922 854 2982 oratori
868 2927 966 2981 nutem
981 2919 1037 2980 ela·

35 3020 116 3063 more
135 3002 299 3083 plausuque
325 3023 400 3083 opus
423 3012 470 3064 est
492 3012 523 3065 et
540 3004 621 3065 velut
639 3006 767 3084 quodam
784 3006 914 3089 theatr03
941 3007 1038 3087 qualia
1052 3025 1077 3066 re

105 3189 180 3258 dm
199 3189 316 3245 dicendo
346 3193 351 3261 Ι
381 3191 484 3247 'lbeec
504 3190 570 3247 OF:
589 3190 635 3245 hic
653 3194 703 3248 Bb
727 3195 732 3258 Ι
763 3199 794 3247 ts
814 3191 972 3262 aliquorum
989 3195 1038 3249 Bb

38 3259 157 3330 (illorum
175 3261 214 3318 H.
227 3263 333 3332 Meyer)
349 3266 354 3330 Ι
372 3268 405 3318 16
423 3261 556 3316 Urbiniae
574 3263 699 3331 Lipsius:
717 3263 802 3318 Vruie
816 3265 851 3332 B,
870 3264 938 3317 Vrin
975 3263 1037 3333 01⁴¹,

37 3329 165 3403 urbinpb
190 3333 195 3400 Ι
221 3337 253 3386 19
272 3332 392 3387 maxime
411 3333 517 3388 Haase:
536 3333 657 3386 monime
674 3334 736 3400 Bb,
759 3333 874 3387 maximi
894 3335 917 3389 0
972 3338 976 3400 Ι
1003 3340 1037 3389 20

38 3399 93 3454 alie
109 3417 156 3455 om.
175 3402 224 3456 Bb
249 3405 254 3469 Ι
279 3402 468 3472 depeceueroi
484 3404 520 3470 B,
540 3403 725 3472 depossuerunt
743 3405 759 3458 b
783 3417 787 3469 t
812 3404 887 3471 tiu,1
907 3404 1038 3458 videniur

41 3470 131 3526 Orelli:
163 3470 276 3526 uidetur
299 3473 450 3541 (ridebitur
478 3474 605 3544 Ursinus)
633 3475 792 3540 cf.16,26.
824 3475 899 3529 Auro.
925 3473 1035 3546 Vnst

38 3539 191 3596 trideoiur
210 3542 285 3613 01³1
301 3550 334 3598 13
352 3543 493 3616 inpatiens
512 3545 623 3614 Haupt:
646 3545 781 3613 patronus
801 3545 923 3617 (praetor
945 3544 1038 3613 Orelli,
