2474 4068
186 167 251 231 292
530 159 837 216 cosnsmrrnorrr

184 315 242 375 lius
256 320 307 372 aut
320 314 383 390 ipse
399 311 511 372 Cicero.
535 327 621 388 agere
636 311 714 370 enim
727 309 834 369 lortius
843 308 940 368 iamet
950 306 1111 368 audentius
1121 306 1221 390 volo,¹

185 405 211 462 si
224 400 297 462 illud
311 406 379 460 ante
393 400 577 478 praedixero,
595 398 703 458 mutari
718 413 785 458 cum
799 394 983 474 temporibus
997 395 1110 456 iormas
1126 414 1215 474 quo·

187 507 244 568 que
263 495 293 549 et
311 505 420 566 genera
440 486 567 548 dicendi.
595 488 638 546 sic
657 485 760 546 Catoni
774 485 839 544 seni
852 490 1040 562 comparatus
1055 482 1088 544 C.
1105 483 1214 544 Grae·

146 599 171 638 ro
186 577 260 637 chus
274 575 389 656 plenior
404 583 434 635 et
447 574 578 654 uberior,
592 575 635 634 sie
646 572 777 633 Graccho
792 572 911 650 politior
926 579 956 631 et
966 573 1101 632 ornatior
1112 571 1215 632 Cras·

186 682 251 744 sus,
274 666 317 724 sic
336 670 464 742 utroque
484 662 652 723 distinctior
670 669 701 722 et
718 659 860 722 urbanior
875 667 904 720 et
918 659 1005 720 altior
1020 659 1138 740 Cicero,
1158 661 1214 721 ci·

186 769 293 813 cerone
312 753 412 811 mitior
430 749 575 811 Corvinus
594 756 624 810 et
645 748 758 810 dulcior
777 750 856 809 etin
875 747 974 809 verbis
988 749 1083 826 magis
1099 747 1214 808 elabo-

185 847 276 900 ratus.
321 856 377 900 nec
397 855 507 917 quaero
522 839 589 917 quis
604 837 830 898 disertissimus:
844 835 901 896 hoc
914 837 1035 897 interim
1049 835 1213 914 probasse

107 938 109 942 ·
186 933 343 987 contentus
358 943 437 1005 sum,
451 943 512 985 non
526 942 591 985 esse
605 941 698 984 unum
712 923 896 1002 eloquentiae
910 922 1033 1002 vultum,
1048 923 1102 984 sed
1115 925 1155 984 in
1173 924 1225 1019 il3

146 1035 172 1075 rs
186 1014 222 1075 lis
244 1031 360 1093 quoque
385 1031 459 1092 quos
477 1014 588 1072 vocatis
602 1013 739 1090 antiquos
757 1010 858 1089 plures
873 1013 988 1089 species
1002 1011 1211 1094 deprehendi,
1224 1025 1225 1058 ³

185 1120 241 1162 nec
256 1104 355 1162 statim
370 1101 501 1162 deterius
514 1117 581 1161 esse
595 1098 674 1178 quod
693 1098 843 1159 diversum
857 1106 912 1178 est,
932 1099 1004 1158 vitio
1019 1106 1120 1160 autem
1135 1119 1209 1161 ma·

186 1190 327 1267 lignitatis
346 1188 491 1250 humanae
511 1195 609 1248 vetera
624 1203 740 1263 semper
754 1187 785 1246 in
799 1185 898 1265 laude,
922 1188 1089 1264 praesentia
1105 1189 1139 1247 in
1159 1189 1206 1248 fa·
1225 1198 1226 1230 ³

187 1277 275 1338 stidio
290 1294 363 1336 esse.
386 1294 459 1336 num
468 1275 638 1335 dubitamus
647 1275 782 1334 inventos
793 1275 844 1351 qui
858 1291 929 1351 prae
943 1272 1053 1334 Catone
1063 1274 1207 1353 Appium

187 1364 313 1425 Caecum
327 1365 420 1441 magis
435 1358 636 1423 mirarentur?
658 1363 729 1421 satis
739 1368 855 1420 constat
868 1378 906 1420 ne
921 1360 1057 1423 Ciceroni
1071 1363 1206 1440 quidem
1226 1407 1227 1428 2

147 1473 173 1512 so
187 1451 401 1511 obtrectatores
424 1449 567 1529 defuisse,
596 1448 704 1526 quibus
722 1447 842 1509 inllatus
859 1457 891 1508 et
908 1457 1026 1510 tumens
1044 1467 1101 1510 nec
1121 1454 1206 1513 satis

186 1555 322 1618 pressus,
350 1537 401 1597 sed
422 1545 512 1615 super
531 1536 650 1597 modum
668 1535 819 1597 exsultans
838 1544 868 1597 et
886 1536 1072 1614 superfluens
1092 1545 1123 1598 et
1143 1557 1204 1617 pa·

186 1643 253 1688 rum
271 1626 387 1687 Atticus
400 1624 560 1686 videretur.
592 1623 706 1703 legistis
730 1625 835 1702 utique
853 1631 884 1684 et
902 1623 981 1685 Calvi
1005 1632 1035 1685 et
1052 1624 1140 1686 Bruti
1163 1627 1206 1688 ad

186 1714 359 1776 Ciceronem
377 1715 482 1774 missas
501 1712 651 1793 epistulas,
681 1711 844 1791 exquibus
864 1711 948 1772 facile
970 1720 1017 1773 est
1030 1712 1204 1791 deprehen·

188 1803 258 1864 dere
280 1802 401 1864 Calvum
425 1800 544 1881 quidem
565 1799 701 1861 Ciceroni
721 1801 818 1861 visum
832 1817 1011 1878 exsanguem
1025 1809 1054 1861 et
1067 1802 1205 1884 aridum,

148 1908 174 1949 ss
187 1889 312 1952 Brutum
320 1899 419 1953 autem
427 1892 554 1950 otiosum
562 1896 650 1967 atque
658 1888 837 1969 diiunctum;
847 1906 1012 1968 rursusque
1020 1887 1204 1952 Ciceronem

188 1996 205 2037 a
223 1977 309 2038 Calvo
327 1980 447 2058 quidem
464 1977 540 2038 male
557 1977 675 2038 audisse
694 1985 843 2054 tamquam
857 1975 987 2038 solutum
1001 1985 1032 2038 et
1045 1995 1203 2061 enervem,

187 2082 204 2124 a
217 2064 309 2125 Bruto
324 2073 435 2146 autem,
454 2073 489 2126 ut
502 2067 597 2144 ipsius
611 2064 710 2126 verbis
723 2070 799 2145 utar,
813 2071 963 2143 tamquam
977 2065 1133 2127 tractum
1147 2077 1200 2130 at·

187 2169 253 2230 que
268 2150 450 2212 elumbem.
479 2155 505 2212 si
523 2170 570 2212 me
588 2154 767 2233 interroges,
787 2169 889 2213 omnes
903 2151 978 2212 mihi
991 2152 1132 2214 videntur
1146 2174 1200 2216 ve·

187 2255 254 2298 rum
272 2237 395 2298 dixisse:
418 2237 469 2298 sed
490 2256 558 2298 mox
580 2239 615 2299 ad
636 2239 769 2318 singulos
789 2241 913 2320 reniam,
934 2257 1014 2301 nuno
1033 2240 1105 2301 mihi
1126 2260 1199 2304 cum

148 2345 174 2386 so
188 2327 333 2387 universis
348 2326 498 2403 negotium
513 2333 566 2387 est.

255 2410 304 2474 19.
331 2411 405 2475 Nam
424 2421 570 2493 quatenus
593 2417 783 2493 antiquorum
801 2415 995 2476 admiratores
1013 2415 1094 2477 huuc
1113 2417 1200 2480 velut

186 2504 346 2564 terminum
361 2503 543 2581 antiquitatis
558 2505 738 2564 constituere
753 2503 865 2584 solent,
889 2505 941 2582 qui
959 2520 1055 2582 usque
1074 2503 1111 2565 ad
1127 2504 1199 2567 Cas-

187 2592 313 2669 siuns,
328 2608 417 2668 quem
430 2608 515 2652 reum
529 2591 649 2671 iaciunt,
665 2609 751 2669 quem
765 2593 895 2670 primum
910 2591 1066 2652 adfirmant
1075 2591 1198 2656 llexisse

188 2676 224 2736 ab
238 2674 287 2736 illa
300 2685 400 2737 vetere
415 2684 503 2756 atque
518 2677 630 2738 directa
644 2678 761 2740 dicendi
774 2681 834 2760 via,
848 2696 908 2740 non
922 2679 1093 2741 infirmitate
1112 2683 1198 2760 inge-

161 2781 174 2823 s
187 2765 230 2824 nii
237 2780 292 2823 nec
299 2765 416 2824 inscitia
423 2763 588 2825 litterarum
597 2766 784 2828 transtulisse
794 2785 825 2828 se
837 2767 873 2828 ad
883 2765 962 2828 aliud
971 2767 1089 2830 dicendi
1099 2785 1198 2846 genus

187 2851 342 2931 contendo,
358 2850 409 2912 sed
420 2850 530 2910 iudicio
541 2859 570 2911 et
580 2851 740 2915 intellectu.
754 2855 828 2915 vidit
837 2872 973 2936 namque,
986 2862 1020 2915 ut
1027 2856 1115 2934 paulo
1126 2867 1198 2919 ante

187 2986 321 3050 Muretus,
339 3000 374 3039 ne
392 2983 445 3038 ills
461 2999 511 3041 cos
529 2985 666 3056 quondam
684 2989 742 3044 coll.
761 3005 783 3045 e.
798 2991 898 3057 21,19)
914 2991 918 3057 Ι
935 2988 980 3057 18,
995 2995 1012 3044 8
1030 2989 1107 3044 istud
1125 2990 1176 3046 Bb
1191 2993 1196 3063 Ι

189 3062 221 3112 12
240 3054 357 3111 nitidior
376 3056 524 3112 Michaelis
552 3057 557 3125 Ι
588 3063 622 3112 14
639 3057 669 3111 in
687 3074 736 3114 cm.
766 3059 771 3128 Ι
801 3065 834 3114 18
852 3074 921 3129 prae
939 3059 1104 3116 Grostotiua:
1133 3079 1196 3131 pro,

187 3128 259 3196 quod
276 3142 386 3183 serem
404 3127 597 3196 Seberzstetseb
614 3127 705 3198 megis
723 3129 828 3185 &lebat
847 3133 851 3197 Ι
871 3135 905 3185 22
930 3129 1042 3184 Atticus
1065 3130 1197 3188 Ursinus:

188 3195 318 3264 antiquus
335 3200 340 3264 Ι
355 3195 467 3251 uidetur
482 3197 538 3252 OF
552 3201 556 3266 Ι
572 3204 607 3253 24
625 3198 732 3252 aridum
746 3200 901 3270 Scbulta'np:
921 3201 1048 3255 attritum
1064 3203 1068 3269 Ι
1084 3207 1118 3257 25
1138 3203 1196 3257 dis·

188 3266 310 3319 cinctum
327 3266 491 3335 Retpcrsiuc
506 3269 510 3338 Ι
526 3274 560 3323 28
578 3267 736 3338 interroges
756 3269 831 3338 OF!
853 3272 898 3338 lo,
913 3276 930 3324 2
945 3272 1073 3328 {mensam
1090 3274 1131 3327 sic
1149 3290 1195 3328 eac-

183 3337 242 3404 plet
256 3335 371 3390 Vahlen:
391 3335 428 3389 ad
442 3335 569 3392 Cassium
587 3337 732 3409 [Severum
751 3339 940 3409 eloquentiam
959 3342 1073 3410 aequali
1091 3343 1120 3397 et
1138 3360 1196 3398 uno

187 3407 284 3456 tenore
302 3406 471 3490 processisse
489 3408 625 3488 statuunt,
646 3408 789 3490 Cassium]
803 3427 886 3478 quem
903 3429 926 3467 r.
945 3411 964 3470 f.
986 3415 991 3482 Ι
1011 3419 1028 3467 4
1045 3413 1103 3468 ists
1120 3412 1170 3468 Bb
1189 3415 1194 3488 Ι

187 3471 300 3526 derecta
317 3473 444 3529 Bdbrens
459 3478 464 3544 Ι
480 3481 496 3530 t
515 3475 593 3529 uliud
610 3479 762 3534 Andresen:
781 3479 853 3534 rllod
