2474 4068
358 162 572 219 GERMANIAE
592 171 701 220 1o-ea.
964 166 1026 230 231

23 330 115 391 quam
130 312 274 372 amicitias
288 327 409 371 necessa
423 319 484 392 est,
511 329 566 372 nec
584 311 773 390 inplacabiles
790 311 909 374 durant:
936 313 1030 374 luitur

23 402 107 460 enim
132 401 220 460 etiam
238 398 430 459 homicidium
452 407 534 460 certo
555 407 755 460 armentorum
773 419 806 460 ao
821 419 962 480 pecorum
976 419 1029 463 nu-

22 505 109 548 mero
129 489 294 566 recipitque
312 487 541 549 satisfactionem
560 489 697 549 universa
716 488 835 569 domus,
862 489 975 550 utiliter
997 491 1028 550 in

22 575 188 657 publicum,
198 577 267 654 quia
275 575 503 654 periculosiores
509 584 578 636 sunt
587 577 756 637 inimicitiae
764 579 845 637 iuxta
855 575 1028 640 libertatem.
1042 600 1056 642 s

93 663 283 725 Convictibus
307 671 337 724 ct
354 663 490 742 hospitiis
510 681 569 724 non
588 663 642 724 alia
661 681 733 743 gens
752 665 873 726 effessius
886 665 1028 744 indulget.

24 767 246 831 quemcumque
260 751 427 815 mortalium
442 769 543 813 arcere
558 759 636 814 tecto
651 752 732 828 pelas
746 752 884 834 habetur3
902 771 956 832 pro
971 754 1028 814 lor·

22 849 98 900 tuna
123 843 248 919 quisquo
271 839 417 920 apparatis
439 839 534 918 apulis
557 842 674 919 excipit.
711 858 779 902 cum
806 840 949 921 deiecere,
977 843 1029 921 qul

23 927 115 988 modo
129 928 238 1006 hospes
253 927 357 1008 lucrat,
370 936 549 989 monstrator
562 927 685 1006 hospitii
698 936 727 989 ct
741 947 852 1010 comes3
866 932 1029 1008 proximam

23 1017 148 1077 domum
162 1034 221 1076 non
240 1017 354 1077 invitati
368 1016 484 1076 adeunt.
529 1033 584 1077 noc
602 1018 740 1078 interest:
766 1019 830 1095 pari
848 1017 1070 1082 humanitatem

23 1106 223 1183 accipiuntur.
242 1111 344 1165 notum
354 1106 547 1183 ignotumque
557 1113 698 1183 quantum
709 1104 744 1165 ad
754 1107 800 1165 ius
810 1104 935 1184 hospitis
943 1123 1028 1167 nemo

23 1194 180 1255 discernit.
217 1191 345 1271 abeunti,
369 1194 394 1252 si
408 1192 479 1272 quid
493 1195 676 1274 poposcerit,
700 1193 861 1254 concedere
876 1195 980 1275 moris;
1001 1202 1030 1254 et

22 1281 171 1360 poscendi
183 1282 214 1341 in
227 1282 321 1342 vicem
337 1280 438 1341 cadem
452 1280 583 1342 facilitas,
620 1281 747 1360 gaudent
767 1281 954 1362 muneribus,
977 1281 1028 1342 sed

23 1387 83 1431 nac
107 1368 174 1429 data
191 1371 338 1448 imputant
355 1386 411 1430 nec
425 1369 554 1448 acceptis
568 1367 742 1448 obligantur.
763 1369 872 1448 [victus
886 1371 965 1431 inter
979 1369 1030 1430 ho·

23 1459 121 1537 spites
135 1455 249 1534 comis]
516 1479 518 1484 ’
1045 1480 1071 1522 rs

94 1542 146 1606 22.
170 1545 275 1606 Statim
289 1561 306 1606 e
320 1561 431 1626 somno,
446 1563 533 1624 quern
548 1545 722 1626 plerumque
735 1548 767 1606 in
777 1547 854 1607 diem
864 1546 1031 1627 extrahunt,

24 1634 173 1713 lavantur,
188 1635 305 1712 saepius
319 1633 421 1713 calida,
434 1639 468 1694 ut
482 1631 559 1712 apud
574 1651 648 1713 quos
662 1634 822 1713 plurimum
836 1635 929 1695 lrierns
944 1653 1031 1696 occu·

24 1729 87 1802 pat.
133 1721 206 1782 lauti
229 1720 328 1783 cibum
347 1723 480 1802 capiunt:
514 1729 665 1800 separatae
683 1721 806 1800 singulis
826 1722 911 1782 sedes
930 1730 959 1781 et
979 1739 1031 1781 sua

25 1812 138 1889 cuique
152 1826 261 1870 mensa.
293 1818 357 1871 tum
376 1808 411 1870 ad
431 1811 547 1887 negotia
565 1827 621 1871 nec
635 1812 733 1870 minus
748 1827 834 1889 saepe
849 1808 884 1869 ad
899 1811 1030 1869 convivia

25 1897 195 1978 procedunt
208 1899 320 1959 armati.
348 1897 426 1958 diem
440 1905 615 1976 noctemque
630 1899 802 1958 continuare
816 1896 943 1976 potando
958 1897 1031 1957 nulli
1044 1921 1058 1961 s

25 1986 180 2066 probrum.
212 1985 343 2064 crebrae,
365 1992 399 2046 ut
413 1987 491 2046 inter
505 1984 681 2066 vinolentos,
706 1987 785 2046 rixae
800 2003 867 2046 raro
882 1987 1032 2067 candolis,

26 2077 147 2154 saepius
162 2074 251 2136 caede
265 2081 296 2135 ct
308 2071 481 2134 vulneribus
494 2075 707 2152 transiguntur.
740 2074 791 2135 sed
806 2081 835 2135 et
850 2073 886 2135 de
900 2075 1032 2136 reconci-

25 2163 136 2225 liandis
154 2164 281 2224 invicem
298 2164 427 2223 inimicis
446 2169 476 2223 et
495 2163 651 2241 isangendis
675 2161 876 2224 adlluitatihus
895 2171 924 2224 et
938 2162 1032 2224 adsci-

27 2251 147 2313 scendis
161 2249 358 2332 principibus,
382 2250 418 2311 da
436 2267 508 2328 pace
529 2250 656 2330 denique
671 2269 704 2312 ac
718 2249 794 2312 bello
813 2251 986 2331 plerumque
1000 2253 1031 2311 iu

26 2341 171 2402 consiviis
179 2339 354 2419 consultant,
369 2346 515 2418 tamquam
526 2338 606 2399 nullo
616 2341 708 2419 magis
715 2348 847 2418 tempora
858 2349 908 2399 aut
918 2339 953 2398 ad
964 2342 1031 2398 sim·
1046 2362 1073 2402 ao

28 2427 124 2508 plicas
144 2429 336 2506 cogitationes
355 2434 453 2505 pateat
472 2429 587 2488 animus
608 2435 659 2488 aut
681 2427 716 2488 ad
732 2444 850 2505 magnas
865 2426 1032 2488 incalescat

27 2534 101 2596 gens
124 2533 185 2578 non
208 2523 302 2577 astuta
325 2533 380 2577 nec
405 2513 507 2575 callida
530 2517 624 2593 aperit
650 2513 745 2575 adbuc
768 2522 881 2574 secreta
903 2515 1033 2592 pectoris

27 2605 148 2666 licentia
162 2606 234 2684 ioci3
253 2621 321 2683 ergo
332 2603 447 2664 detecta
462 2611 491 2662 et
505 2603 583 2663 nuda
598 2604 728 2662 omnium
742 2619 833 2662 mens.
857 2610 974 2680 postera
984 2601 1032 2664 die

28 2699 217 2772 retractatur,
231 2701 261 2752 ct
275 2691 353 2752 salva
366 2694 522 2770 utriusque
536 2692 678 2770 temporis
692 2693 767 2751 ratio
782 2699 840 2751 est:
859 2688 1031 2772 deliberant,

28 2782 101 2842 dum
115 2781 227 2860 lingere
241 2782 387 2861 nesciunt,
409 2781 605 2860 constituunt,
626 2778 696 2840 dum
710 2795 810 2840 errare
824 2797 884 2840 non
897 2786 1031 2860 possunt.
1045 2801 1072 2844 rs

101 3004 147 3071 21,
162 3011 179 3059 6
197 3001 293 3072 aliqua
310 3003 360 3059 Bb
384 3008 388 3072 Ι
415 3009 447 3058 12
466 3004 654 3073 poposcerunt
671 3003 707 3071 B,
725 3003 885 3072 poposceris
905 3004 921 3058 h
939 3007 1003 3057 Im.
1024 3003 1029 3074 1

31 3081 64 3129 14
82 3075 164 3128 aerbo
181 3075 289 3130 inclusa
306 3073 442 3130 Blatera'aas
460 3091 494 3128 eae
510 3080 576 3128 noto
593 3076 744 3145 marpiaaali
760 3076 840 3129 illota
859 3078 945 3128 cassel
967 3074 972 3140 Ι
997 3077 1031 3127 to

28 3144 185 3200 communis
212 3144 363 3215 Loapols‘as
390 3145 435 3213 (cs.
463 3144 505 3199 W.
527 3144 631 3212 Christ,
658 3145 754 3200 Jahrb.
777 3145 798 3211 s.
823 3143 923 3198 Pauor.
946 3147 1031 3212 1876,

29 3217 110 3284 336),
142 3215 264 3270 vinclum
282 3214 300 3270 i.
320 3215 346 3268 h.
366 3213 481 3269 comitas
500 3215 661 3270 Lachmann
689 3217 694 3280 Ι
722 3211 944 3284 22,1e]enim
961 3213 989 3268 B
1007 3219 1032 3269 et

29 3293 46 3341 1
65 3303 99 3340 m.
119 3287 135 3342 d
164 3289 169 3351 Ι
198 3291 214 3340 2
238 3287 355 3354 occupet
375 3286 525 3352 Prommcr,
553 3291 582 3340 at
601 3287 634 3352 es.
654 3289 698 3351 17,
713 3289 744 3351 6,
770 3284 819 3338 obi
837 3285 880 3338 est
899 3287 964 3354 (aon
983 3283 1031 3352 ait)

27 3374 80 3426 sup
100 3357 209 3412 lendum
226 3362 264 3412 cst
288 3360 293 3425 Ι
319 3356 403 3411 ised
422 3355 499 3412 deo
525 3358 530 3424 Ι
557 3361 588 3409 12
608 3353 710 3426 adhuc]
731 3354 767 3408 ad
785 3354 837 3408 hec
854 3354 889 3423 B,
909 3355 1031 3411 adhecd

28 3433 57 3495 (a
97 3442 131 3482 uc
148 3432 300 3498 suspectam
320 3427 486 3495 Plataearum!
503 3431 535 3480 13
554 3425 609 3480 loci
626 3426 675 3480 Bb
695 3441 762 3480 cora.
779 3428 784 3494 1
800 3440 885 3482 mens.
904 3425 1029 3498 postera]

27 3501 67 3553 sic
84 3499 214 3554 distinxit
233 3499 345 3554 Possoao
362 3501 366 3567 Ι
384 3504 415 3552 11
434 3512 478 3550 res
496 3497 664 3551 retractatur
683 3497 785 3552 Meiser
