2474 4068
407 210 609 266 acerconan
631 217 742 269 14-16.
994 213 1061 278 255

52 358 108 420 alia
118 358 216 419 insula
226 359 391 418 exercitum
401 359 581 438 detinerent;
595 361 652 419 iam
663 359 752 438 ipsos,
765 358 843 438 quod
854 359 1058 422 difficillimum

51 448 156 524 luerit,
176 445 348 508 deliberare.
376 464 465 524 porro
485 448 599 507 ineius
618 446 698 506 modi
717 446 848 507 consiliis
862 447 1059 526 periculosius

52 552 120 595 esse
135 533 318 613 deprehendi
334 551 422 612 quam
437 534 554 594 audere.

122 618 172 682 16.
187 619 240 680 llis
255 629 343 700 atque
359 621 466 681 talibus
481 623 512 681 in
526 623 620 682 vicem
630 623 771 701 instincti,
785 621 932 683 Boudicca
942 626 1059 701 generis

50 710 127 788 regii
136 710 244 770 femina
259 707 334 768 duee
348 702 459 788 (neque
474 711 553 770 enim
567 727 669 770 sexum
684 711 714 769 in
728 712 861 788 imperiis
871 704 1059 793 discernunt)

51 815 209 875 sumpsere
234 798 366 856 universi
389 795 511 877 bellum3
538 815 572 857 ac
596 814 713 874 sparsos
736 815 791 876 per
815 797 932 858 castella
951 797 1059 860 milites

51 885 229 964 consectati,
248 885 423 963 expugnatis
443 884 599 962 praesidiis
613 887 707 963 ipsam
722 884 865 945 coloniam
879 887 1012 946 invasere
1026 894 1060 946 nt

51 972 155 1033 sedem
170 973 335 1053 servitutis,
355 989 410 1033 nec
429 971 522 1033 ullum
536 974 566 1032 in
581 970 715 1032 barbaris
729 974 866 1033 saevitiae
880 991 974 1052 genus
988 975 1086 1040 omi-s

51 1064 92 1122 sit
119 1061 164 1120 ira
191 1068 222 1120 et
240 1060 370 1120 victoria.
407 1059 485 1137 quod
509 1061 568 1120 nisi
585 1058 725 1120 Paulinus
749 1061 866 1138 cognito
889 1063 1058 1138 provinciae

51 1156 137 1210 motu
164 1164 291 1226 propere
319 1147 519 1227 subvenisset,
543 1149 649 1208 amissa
674 1147 825 1208 Britannia
853 1148 942 1228 loret;
971 1166 1059 1227 quarn

51 1239 143 1297 ionius
167 1234 274 1312 proelii
292 1236 410 1296 fortuna
429 1238 523 1296 veteri
540 1237 697 1314 patientiae
721 1237 865 1316 restituit,
888 1235 1060 1296 tenentibus

51 1341 132 1385 arma
151 1322 310 1404 plerisque,
337 1340 411 1401 quos
430 1324 610 1384 conscientia
630 1323 804 1385 delectionis
827 1331 856 1384 et
879 1324 1001 1402 propius
1023 1342 1059 1384 ex

50 1414 148 1491 legato
172 1413 260 1472 timor
287 1409 428 1490 agitabat,
455 1428 492 1472 ne
520 1428 697 1489 quamquam
724 1413 861 1490 egregius
889 1419 988 1472 cetera
1011 1411 1059 1472 ad·
1074 1436 1101 1476 ro

51 1507 193 1579 roganter
213 1501 245 1560 in
268 1498 383 1560 deditos
406 1506 436 1559 et
456 1506 490 1559 ut
513 1516 584 1559 suae
602 1500 746 1577 cuiusque
765 1500 890 1559 iniuriae
909 1498 989 1560 ultor
1007 1499 1059 1560 du-

51 1591 116 1649 rius
130 1585 306 1649 consuleret.
320 1588 431 1647 missus
444 1588 534 1665 igitur
544 1585 700 1647 Petronius
711 1585 900 1664 Turpilianus
910 1593 1059 1665 tamquam

51 1674 230 1737 exorabilior
238 1682 268 1736 et
277 1673 393 1736 delictis
402 1673 632 1735 bostiumnovus
642 1690 736 1752 eoque
744 1675 940 1751 paenitentiae
952 1676 1059 1755 mitior,

51 1764 225 1843 compositis
238 1761 389 1842 prioribus
403 1761 476 1822 nihil
495 1761 572 1822 ultra
585 1778 675 1821 ausus
689 1759 836 1820 Trebellio
852 1759 977 1820 Maximo
992 1778 1058 1839 pro·

51 1853 180 1913 vinciam
200 1850 328 1911 tradidit.
359 1848 524 1910 Trebellius
543 1851 662 1927 segnior
681 1856 711 1910 et
725 1847 815 1909 nullis
830 1855 996 1909 castrorum
1010 1866 1057 1910 ex·
1074 1874 1099 1914 ιι

50 1940 240 2019 perimentis,
259 1939 397 1999 comitate
411 1936 539 2016 ¹quadam
553 1935 677 1997 curandi
690 1938 872 2016 provinciam
887 1937 990 1997 tenuit.
1017 1936 1059 1996 di-

52 2029 154 2088 dicere
174 2029 233 2086 iam
250 2024 370 2087 barbari
388 2042 506 2105 quoque
520 2027 675 2104 ignoscere
690 2026 768 2086 vitiis
782 2023 1010 2107 blandientibus,
1029 2031 1060 2085 et

51 2118 240 2176 interventus
259 2112 390 2174 civilium
407 2131 557 2174 armorum
577 2113 714 2192 praebuit
730 2115 839 2174 iustam
853 2113 995 2192 segnitiae
1011 2131 1059 2173 ex·

51 2204 251 2264 cusationem:
276 2201 328 2262 sed
353 2201 500 2262 discordia
522 2200 698 2282 laboratum,
722 2219 790 2262 cum
813 2200 955 2263 adsuetus
973 2219 1059 2279 expo-

51 2288 217 2352 ditionibus
238 2288 323 2350 miles
341 2291 402 2350 otio
421 2288 577 2350 lasciviret
609 2288 788 2369 Trebellius,
808 2289 876 2368 luga
890 2307 924 2349 ac
938 2287 1059 2350 latebris
1073 2313 1100 2352 ιο

51 2381 144 2439 vitata
164 2379 311 2438 exercitus
330 2379 374 2437 ira
392 2376 551 2438 indecorus
570 2385 658 2455 atque
678 2376 812 2456 humilis,
838 2378 973 2455 precario
992 2393 1060 2435 mox

51 2465 192 2546 praefuit,
202 2483 236 2526 ac
244 2465 325 2526 velut
335 2467 422 2545 pacti,
433 2465 581 2525 exercitus
589 2463 747 2544 licentiam,
762 2463 820 2523 dux
836 2463 960 2524 salutem
973 2473 1061 2542 esset,

52 2555 162 2615 seditio
177 2555 246 2614 ,sine
265 2554 407 2631 sanguine
426 2553 516 2613 stetit.
557 2569 612 2612 nec
626 2549 741 2612 Vettius
754 2549 896 2630 Bolanus,
919 2553 1061 2610 manenti·

52 2643 111 2703 bus
137 2641 233 2702 adbuc
259 2639 395 2701 civilBus
414 2638 513 2719 bellis,
543 2640 665 2716 agitarit
686 2637 868 2699 Britanniam
893 2637 1060 2717 disciplina:

51 2730 157 2791 eadem
171 2728 277 2789 inertia
292 2745 362 2806 erga
375 2727 482 2808 bostis,
501 2726 605 2787 similis
626 2725 788 2805 petulantia
807 2734 985 2808 castrorum,
1003 2727 1061 2787 nisi
1075 2749 1101 2791 oa

127 2896 364 2964 16‚1Boudicca
381 2896 489 2950 Haase·
507 2893 650 2949 Voadicca
666 2895 708 2964 A,
733 2894 866 2950 Voaduce
882 2896 911 2950 Β
926 2899 931 2964 Ι
947 2901 963 2950 6
981 2895 1039 2951 ut
1030 2913 1062 2950 ιιι

50 2968 132 3023 barb.
159 2938 338 3036 l’eerlleampl
347 2974 371 3049 ,8
398 2963 559 3021 tenentibus
586 2967 682 3019 tamen
698 2937 799 3034 bocer,
827 2966 882 3020 etsi
899 2964 1060 3020 tenentibus

48 3039 214 3108 Nipperdey
229 3039 234 3106 Ι
250 3044 266 3093 9
304 2970 410 3105 leliqua
427 3036 456 3090 Β
471 3039 476 3105 Ι
491 3033 781 3116 propriustenanus
796 3039 801 3105 Ι
819 3042 852 3091 10
869 3036 1059 3115 nequequam}

52 3116 85 3163 11
114 3109 249 3176 cuiusque
307 3125 352 3163 ex.
385 3106 501 3174 eiusque
524 3105 653 3174 (quisque
671 3107 843 3228 Nipperdep,
870 3104 1061 3172 exercitusque

50 3179 177 3260 ΜΙΙΙΙΙΙ,
198 3178 406 3246 communisque
424 3177 463 3233 H
482 3177 517 3231 L.
537 3176 659 3243 schmitt,
678 3191 788 3243 qnoque
836 3176 988 3242 cteolcmes)
1005 3177 1009 3243 Ι
1027 3182 1060 3230 13

48 3248 136 3304 nouis
153 3220 181 3303 Β
198 3250 202 3316 Ι
221 3254 253 3304 14
272 3248 347 3303 ausis
365 3249 393 3302 Β
408 3249 413 3317 Ι
435 3251 467 3302 18
487 3245 606 3301 seuitiae
625 3245 816 3300 ecusetionem
833 3245 862 3299 Β
876 3247 881 3313 Ι
897 3251 929 3299 11
949 3244 1061 3299 indeco-

49 3321 107 3388 ris,
126 3337 174 3375 em.
194 3319 361 3374 Puteolanus
383 3316 581 3387 Ι11ριιιεΙιιὶΙ
597 3317 638 3370 A·
657 3313 712 3369 fuit
728 3315 757 3369 Β
772 3317 777 3384 Ι
792 3315 870 3386 pacti
888 3317 981 3370 esseni
998 3315 1061 3371 Hit·

48 3397 102 3458 tor,
120 3390 199 3444 fecta
217 3391 307 3458 (immo
324 3389 420 3459 pecie)
439 3336 576 3442 exercitus
590 3384 714 3454 licentio,
728 3384 807 3440 ducis
822 3385 912 3440 salute
926 3388 953 3441 A
967 3401 1061 3456 margo

52 3462 152 3542 lenset
175 3461 227 3527 (ael
249 3461 351 3528 esseni)
374 3474 436 3515 noe.
465 3459 495 3513 et
518 3459 563 3525 (ee
581 3428 739 3525 Dd'derieila)
768 3460 773 3526 Ι
802 3462 836 3511 14
859 3455 991 3526 fetigerit
1010 3457 1062 3528 (vel

49 3529 218 3600 castigavit)
238 3531 356 3600 Madvig
372 3533 376 3601 Ι
392 3535 427 3584 to
447 3530 476 3583 et
463 3527 593 3583 teedem
611 3528 638 3581 B
653 3530 659 3594 Ι
673 3526 768 3582 hostes
786 3527 815 3582 A
