2474 4068
206 203 271 268 312
551 198 722 256 CORNELII
741 198 862 256 TACITI

167 372 194 413 ro
207 349 341 412 accidere
360 348 465 410 melius
485 355 530 409 est
548 350 634 428 isque
653 349 782 428 optimus
801 348 927 408 civitatis
946 353 1041 408 status
1058 346 1228 408 habendus

207 446 261 520 est,
284 440 315 499 in
330 456 388 516 quo
403 435 476 497 nihil
490 436 547 497 tale
561 439 705 518 patimur,
728 437 769 497 ita
783 453 852 497 cum
870 433 1047 516 acciderent,
1062 437 1227 514 ingentem

208 526 393 605 eloquentiae
417 526 570 586 materiam
589 523 860 585 subministrabant.
910 524 1020 584 crescit
1042 525 1122 584 enim
1146 543 1227 585 cum

207 614 400 693 amplitudine
417 630 518 673 rerum
538 614 581 672 vis
598 615 723 693 ingenii,
746 629 802 674 noc
820 613 977 691 quisquam
995 610 1105 672 claram
1126 619 1157 672 et
1174 615 1226 673 in·

207 703 332 764 lustrem
349 702 513 761 orationem
530 700 648 760 efficere
662 706 761 779 potest
778 702 836 761 uisi
855 701 907 779 qui
921 715 1040 760 causam
1054 717 1157 779 parem
1173 703 1226 761 in-

167 811 194 852 ιι
208 793 296 852 venit.
332 807 401 870 uon,
421 790 536 869 opinor,
554 787 781 850 Demosthenem
795 790 943 848 orationes
957 786 1126 869 inlustrant,
1141 806 1225 867 quas

208 879 349 940 adversus
370 884 485 938 tutores
508 894 579 937 suos
600 877 779 957 composuit,
801 893 858 938 nec
880 875 1053 936 Ciceronem
1074 894 1223 954 magnum

208 975 355 1027 oratorem
373 964 404 1038 P.
419 965 559 1036 Quintius
577 964 717 1026 defensus
738 971 788 1024 aut
801 963 936 1024 Licinius
950 963 1072 1024 Archias
1087 963 1224 1044 faciunt:

207 1054 331 1116 Catilina
349 1062 380 1115 et
397 1053 466 1114 llilo
487 1060 518 1113 et
535 1051 642 1113 Verres
661 1060 691 1112 et
709 1051 854 1113 Antonius
876 1052 952 1112 hanc
971 1050 1015 1112 illi
1033 1052 1140 1112 lamam
1159 1055 1223 1112 cir-

209 1142 437 1222 cumdederunt,
461 1158 520 1202 non
539 1142 608 1219 quia
627 1142 701 1200 tenti
715 1141 805 1201 luerit
818 1140 864 1200 rei
878 1138 1014 1217 publieae
1029 1138 1121 1200 malos
1135 1141 1234 1201 ferre

168 1250 194 1292 oo
208 1234 300 1313 cives,
328 1239 362 1291 ut
380 1229 503 1290 uberem
522 1227 731 1290 addicendum
749 1230 901 1288 materiam
915 1234 1048 1288 oratores
1061 1226 1223 1310 haberent,

208 1320 275 1399 sed,
302 1326 336 1381 ut
361 1317 487 1379 subinde
510 1317 665 1397 admoneo,
693 1317 874 1395 quaestionis
897 1317 1120 1377 meminerimus
1142 1318 1234 1378 scia·¹

207 1423 333 1485 musque
348 1422 403 1466 nos
417 1404 453 1464 de
469 1422 502 1464 ea
516 1422 549 1464 re
563 1404 653 1483 loqui,
669 1421 743 1483 quae
757 1403 872 1465 facilius
888 1402 1015 1464 turbidis
1029 1410 1059 1464 et
1072 1406 1234 1485 inquietis*

207 1492 392 1573 temporibus
412 1492 520 1553 existit.
558 1493 624 1571 quis
643 1494 759 1571 ignorat
779 1491 882 1554 utilius
900 1509 934 1552 ac
952 1490 1058 1553 melius
1073 1509 1139 1552 esse
1154 1493 1222 1554 frui

208 1600 280 1662 pace
299 1599 387 1661 quam
405 1580 482 1641 bello
507 1575 628 1641 vexari?
667 1578 769 1658 plures
791 1586 890 1640 umen
908 1578 1002 1640 bonos
1021 1579 1221 1658 proeliatores

168 1687 195 1729 ee
208 1670 285 1733 bella
304 1687 392 1749 quam
410 1687 467 1748 pax
485 1669 594 1730 lerunt.
631 1667 735 1730 similis
754 1666 939 1747 eloquentiae
961 1667 1105 1729 condicio.
1131 1687 1221 1750 uam

208 1777 268 1840 quo
289 1760 407 1837 saepius
428 1759 546 1818 steterit
565 1763 715 1836 nmquam
734 1757 766 1817 in
787 1758 849 1816 acie
868 1773 986 1836 quoquc
1004 1755 1106 1835 plures
1126 1763 1158 1817 et
1172 1759 1221 1818 in-

209 1847 310 1909 tulerit
328 1849 406 1907 ictus
425 1853 455 1906 et
473 1847 623 1925 exceperit
642 1861 759 1924 quoque
777 1845 904 1905 maiores
924 1843 1108 1905 adversarios
1122 1847 1221 1906 acrio-

208 1953 316 2014 resque
330 1951 445 2015 pugnas
459 1933 517 1994 sihi
531 1935 594 2012 ipsa
609 1933 821 2013 desumpserit,
834 1939 915 1994 tanto
930 1931 1016 1993 altior
1031 1940 1062 1993 et
1071 1932 1223 1994 excelsior

210 2032 241 2085 et
253 2023 312 2084 illis
326 2021 478 2084 nobilitata
492 2020 713 2085 discriminibus
727 2023 759 2082 in
773 2037 825 2082 ore
838 2019 992 2082 hominum
1005 2023 1074 2102 agit,
1088 2038 1221 2100 quorum

170 2127 197 2170 ιι
211 2129 244 2172 ea
258 2118 365 2172 natura
379 2117 433 2189 est,
456 2116 490 2170 ut
504 2111 604 2170 securi
618 2112 677 2186 ipsi
688 2115 829 2186 spectare
842 2111 945 2171 aliena
959 2112 1102 2186 pericula
1116 2108 1234 2170 velint.¹

275 2195 326 2260 38.
350 2195 481 2258 'l'ranseo
502 2197 539 2259 ad
560 2198 683 2258 formam
704 2204 735 2256 et
755 2196 1001 2258 consuetudinem
1022 2203 1157 2258 veterum
1170 2199 1234 2274 iu·¹

210 2287 365 2349 diciorum.
398 2301 473 2363 quae
494 2286 552 2345 etsi
572 2301 652 2347 nuuc
673 2285 769 2361 aptior
790 2286 937 2366 extiterit,
958 2283 1157 2363 eloquentiam
1176 2294 1234 2374 taff

210 2394 278 2437 men
296 2373 369 2436 illud
384 2374 481 2434 forum
496 2374 589 2452 magis
607 2371 772 2453 exercebat,
789 2374 821 2434 in
836 2390 894 2451 quo
909 2390 995 2434 nemo
1009 2375 1087 2434 iutra
1100 2376 1220 2452 paucis·

210 2466 299 2526 simas
321 2479 461 2560 perorare
486 2461 575 2523 horas
600 2459 761 2542 cogebatur
788 2470 819 2522 et
842 2460 952 2522 liberae
976 2461 1220 2541 comperendina-

281 2685 327 2754 tt,
342 2691 377 2740 ιο
395 2685 440 2740 est
457 2701 507 2741 om.
527 2683 584 2739 OF
610 2685 615 2752 Ι
645 2689 679 2739 29
697 2681 784 2738 fuerit
801 2683 914 2738 Niaeco:
932 2681 988 2737 luit
1007 2685 1013 2752 Ι
1034 2680 1120 2754 reip.
1140 2683 1220 2738 Heo-

211 2771 308 2812 moon:
327 2771 386 2808 rem
404 2771 430 2823 p.
452 2759 456 2821 Ι
478 2759 511 2809 33
531 2752 628 2809 existit
646 2754 774 2823 Lipsiusc
793 2752 907 2821 extitit!
928 2759 962 2809 37
980 2751 1101 2807 maiores
1120 2753 1221 2808 adver-

212 2824 301 2881 serios
320 2824 495 2892 acrioresque
513 2841 541 2904 p.
560 2823 616 2878 sibi
633 2823 695 2893 ipse
712 2824 863 2880 Bdttt'cbcr:
886 2822 976 2878 maior
993 2823 1170 2877 aduersarius
1191 2825 1223 2878 et

213 2898 258 2967 (eo
279 2894 347 2964 OF)
366 2892 456 2951 ecrior
474 2911 524 2962 qur
541 2909 651 2964 pugnos
670 2893 725 2948 sibi
742 2893 817 2963 ipses
834 2897 839 2964 Ι
854 2899 888 2949 39
906 2892 1058 2948 nobilitate
1070 2893 1221 2949 Latinium

211 2965 380 3023 nobilitatus
399 2965 458 3034 tus
477 2965 515 3034 b¹‚
534 2966 576 3019 -te
596 2963 632 3034 d)
651 2966 731 3032 lobon}
748 2967 783 3032 cf.
801 2981 851 3020 ooo
868 2967 900 3019 e'o
919 2965 996 3018 Mus.
1014 2965 1088 3020 rbere.
1103 2967 1154 3032 28,
1164 2968 1222 3019 501

214 3040 219 3113 Ι
235 3035 442 3093 discriminibus
464 3035 591 3106 Lipat'ua:
620 3034 781 3090 criminibus
811 3038 815 3103 l
844 3040 879 3089 40
898 3034 988 3089 securi
1005 3033 1061 3104 ipsi
1078 3033 1222 3090 Bctltcens:

213 3125 311 3166 securo
325 3112 331 3180 Ι
347 3110 474 3178 spectare
493 3122 517 3162 ιι
536 3104 663 3176 pericula
679 3107 814 3176 suppleuit
837 3105 948 3175 Vahlen,
967 3104 1087 3166 eliorum
1105 3121 1222 3160 cernere

212 3181 339 3250 periculo
351 3179 478 3235 Bo'c'breos
497 3178 540 3247 (ut
557 3192 654 3232 secura
667 3177 759 3232 nolint
771 3176 930 3244 thenomoc,
947 3177 981 3230 ut
993 3175 1082 3231 dubio
1093 3175 1221 3242 laudent,
1233 3229 1234 3240 ,

214 3267 312 3304 secure
338 3249 431 3305 nolint
457 3249 493 3304 R.
512 3248 658 3317 Apricolo,
688 3249 722 3302 ut
747 3245 897 3318 ancipitis,
922 3263 979 3302 non
1006 3262 1104 3303 secure
1130 3246 1223 3301 velint

214 3320 346 3388 Sebopeo)
365 3322 371 3389 Ι
391 3319 467 3387 38‚1
488 3319 638 3390 [retenim]
657 3318 818 3386 Androneo}
839 3325 855 3372 2
874 3317 1001 3372 extiterit
1022 3317 1157 3374 Woltlter:
1177 3318 1223 3372 est

213 3388 256 3442 ite
275 3387 328 3442 erit
347 3390 402 3458 (est
418 3388 533 3444 veritati
552 3389 588 3445 R.
608 3390 751 3460 etpotamo,
771 3387 946 3443 existimetur
963 3389 1120 3458 Acidaliae)
1137 3390 1142 3456 1
1163 3387 1221 3442 elo·

214 3456 338 3526 quentin,
357 3473 403 3513 eno
415 3459 546 3526 ductoria
561 3459 566 3531 Ι
581 3464 600 3512 4
617 3459 700 3513 hores
718 3458 763 3514 bic
779 3460 912 3527 supplevi,
931 3473 981 3514 om.
991 3458 1077 3525 Boc,
1093 3459 1141 3514 red
1155 3458 1222 3515 add.

213 3529 245 3582 ιἰι
262 3527 290 3580 Β
307 3542 389 3596 corpor
406 3526 600 3597 paucissimos,
614 3527 797 3599 paucissimos
815 3545 836 3582 ι.
856 3529 885 3598 (ι’.
905 3544 925 3583 c.
946 3527 1017 3599 scil.)
1035 3529 1120 3594 hores
1139 3527 1170 3584 F
