2474 4068
278 188 370 244 DIAL.
389 188 437 244 Db
456 189 682 246 centonibus
703 199 814 248 10-1t.
976 193 1042 257 285

31 338 112 394 bitae
130 335 272 396 dictionis
292 338 418 414 impetu:
436 336 596 398 meditatus
612 337 719 397 videris
734 340 823 399 etiam
837 339 961 417 elegisse
974 333 1041 417 per·
1074 322 1076 326 ¹

31 440 136 482 sonam
155 423 317 483 notabilem
335 433 366 483 et
388 442 456 484 cum
474 426 648 485 auctoritate
667 425 821 485 dicturam.
854 429 949 487 sentio
969 426 1040 505 quid

33 510 211 588 responderi
219 513 327 589 possit:
337 511 406 572 bine
415 514 544 590 ingentis
554 515 681 573 existere
691 513 843 593 adsensus,
852 512 961 574 haecin
967 517 1040 592 ipsis
1055 538 1081 578 aa

34 598 192 658 auditoriis
206 601 366 676 praecipue
380 597 493 660 laudari
508 606 538 659 et
546 617 614 660 mox
625 602 755 660 omnium
766 601 952 661 sermonibus
962 602 1042 662 ierri.

34 682 103 746 tolle
125 688 219 763 igitur
234 688 343 764 quietis
357 695 387 746 et
401 689 570 747 securitatls
589 690 816 768 excusationem,
835 707 902 749 cum
921 688 976 749 tibi
995 707 1042 750 su·

32 791 96 834 mas
111 773 315 834 adversarium
329 777 521 852 superiorem.
548 774 635 835 nobis
659 777 731 835 satis
746 778 784 836 sit
801 779 929 854 privatas
949 784 979 836 et
992 794 1043 836 no-

33 864 90 922 stri
100 861 213 922 saeculi
223 863 440 922 controversias
450 864 537 942 tueri,
546 864 577 921 in
588 861 696 940 quibus
707 861 882 940 [expressis]
894 863 1041 942 siquando

32 967 157 1010 necesse
180 951 220 1010 sit
237 967 292 1027 pro
310 949 496 1028 periclitante
514 952 608 1010 amico
627 952 826 1028 potentiorum
847 968 934 1011 aures
953 952 1042 1011 olien-
1056 973 1083 1014 ao

34 1037 115 1116 dere,
131 1045 161 1098 et
175 1036 301 1115 probata
315 1039 354 1098 sit
367 1037 441 1097 fides
455 1044 486 1097 et
498 1037 620 1097 libertas
635 1032 791 1098 excusata!

103 1123 154 1186 11.
179 1123 261 1194 Quae
285 1142 353 1185 cum
376 1124 500 1185 dixisset
515 1124 601 1202 'Aper
619 1127 730 1205 acrius,
753 1132 787 1185 ut
805 1124 929 1204 solebat,
953 1132 984 1185 et
1000 1127 1043 1185 in·

32 1219 118 1272 teuto
142 1229 208 1291 ore,
236 1213 380 1272 remissus
404 1219 434 1272 et
458 1211 616 1272 subridens
634 1211 785 1273 Maternus
803 1207 967 1290 ‘parantem
985 1207 1043 1272 me'

34 1302 133 1378 inquit
147 1295 222 1360 ‘uon
235 1302 335 1359 minus
350 1300 401 1359 diu
416 1318 556 1360 accusare
571 1307 703 1360 oratores
718 1318 806 1378 quam
818 1300 897 1378 Aper
910 1298 1044 1360 laudave-

33 1396 78 1447 rat
103 1386 183 1469 (lore
213 1389 291 1446 enim
310 1386 477 1448 arbitrabar
495 1396 563 1448 uta
585 1387 752 1448 laudatione
771 1406 874 1448 eorum
893 1387 1044 1466 digressus

35 1476 218 1536 detrectaret
230 1483 333 1552 poetas
342 1482 430 1554 atque
441 1477 605 1536 carminum
616 1469 970 1558 studiumprosterneret)
980 1483 1043 1536 arte
1057 1498 1070 1538 s

35 1563 163 1640 quadam
177 1563 335 1643 mitigavit,
348 1563 538 1623 concedendo
558 1565 604 1644 iis,
621 1566 673 1641 qui
687 1582 790 1624 causas
804 1581 891 1640 agere
905 1581 965 1622 non
978 1581 1044 1641 pos-

36 1659 110 1732 sent,
129 1658 166 1712 ut
184 1668 289 1711 versus
309 1650 448 1712 lacerent.
485 1668 539 1728 ego
554 1658 651 1710 autem
666 1653 744 1711 sicut
761 1653 793 1710 in
808 1651 905 1710 causis
923 1650 1044 1727 agendis

36 1739 155 1799 efficere
175 1738 287 1816 aliquid
305 1745 335 1798 et
352 1740 424 1798 eniti
442 1738 567 1798 sortasse
585 1755 716 1818 possum,
735 1739 776 1797 ita
793 1738 966 1797 recitatione
985 1745 1043 1796 tra-

36 1827 209 1903 goediarum
224 1833 255 1886 et
268 1825 384 1904 ingredi
397 1826 504 1886 lamam
518 1828 687 1903 auspicatus
701 1843 776 1904 sum,
790 1842 858 1884 cum
869 1820 1044 1903 quidem†in

35 1914 154 1975 Nerone
174 1913 338 1991 improbam
361 1920 393 1973 et
410 1914 576 1974 studiorum
599 1931 717 1991 quoque
741 1930 822 1972 sacra
840 1912 1044 1990 profanantem
1059 1935 1085 1976 1o

36 2001 146 2063 Vatinii
165 2003 327 2080 potentiam
346 2001 429 2082 fregi,
452 2008 482 2063 et
499 2000 586 2061 bodie
606 1999 721 2079 siquid
741 1998 799 2078 [in]
819 1999 905 2060 nobis
923 2001 1045 2060 notitiae

35 2109 67 2152 ac
87 2091 220 2151 nominis
239 2097 294 2170 est,
317 2091 411 2167 magis
433 2088 562 2148 arbitror
584 2091 748 2150 carminum
772 2105 859 2166 quam
879 2090 1045 2149 orationum

8 2229 9 2260 Ι
35 2178 131 2256 gloria
145 2183 273 2256 partum.
306 2194 341 2236 ac
354 2178 413 2236 iam
426 2195 474 2236 nre
488 2177 649 2255 deiungere
663 2195 680 2237 a
694 2178 805 2238 lorensi
818 2175 918 2237 labore
937 2179 1046 2238 consti-

8 2305 9 2328 t
36 2269 93 2346 tui,
118 2283 176 2326 nec
196 2266 353 2325 comitatus
371 2266 447 2325 istos
473 2272 503 2324 et
518 2282 659 2351 'egressus
678 2272 730 2326 out
751 2266 947 2342 trequentiam
971 2264 1046 2324 salu·

36 2356 167 2414 tantium
182 2355 369 2432 concupisco,
386 2370 445 2412 non
459 2354 553 2430 magis
568 2371 656 2430 quam
671 2370 738 2413 aera
752 2359 783 2412 et
796 2353 951 2430 imagines,
972 2369 1046 2429 quae
1062 2374 1086 2415 1s

37 2444 130 2501 etiam
149 2457 197 2500 me
214 2439 334 2500 nolente
353 2441 384 2500 in
403 2439 523 2500 domum
537 2456 632 2501 meam
646 2441 832 2517 inruperunt
856 2455 924 2497 nam
937 2445 1047 2498 statum

37 2529 196 2607 hucusque
214 2545 249 2588 ac
268 2529 458 2589 securitatem
477 2525 583 2588 melius
600 2527 769 2587 innocentia
788 2532 873 2584 tueor
887 2542 975 2603 quam
989 2524 1047 2585 elo·

110 2733 158 2802 10,
174 2738 207 2786 3³
227 2730 313 2785 etiam
330 2748 392 2787 nor:
413 2731 462 2786 aut
481 2730 566 2798 (ultro
585 2729 715 2798 Saltopeo,
734 2745 784 2785 orn.
805 2729 882 2799 Por.)
903 2731 909 2800 Ι
929 2735 962 2785 35
981 2729 1047 2784 binc

40 2805 144 2861 bocar.
164 2807 189 2857 et
209 2803 290 2857 Part:
309 2801 356 2856 hic
381 2804 385 2871 Ι
410 2801 528 2856 existere
547 2801 685 2856 Moratum
703 2815 738 2854 ex
755 2799 800 2853 his
825 2803 830 2869 Ι
858 2800 928 2856 haec
947 2800 988 2856 F:
1006 2800 1048 2854 hii

40 2875 100 2942 Bb,
120 2874 178 2926 hoc
198 2872 231 2939 0,
254 2871 325 2926 haec
344 2874 373 2926 et
390 2874 532 2927 Aodrcseo
560 2872 565 2940 Ι
594 2877 628 2925 31
647 2875 710 2926 orote
727 2871 796 2926 tolle
813 2874 946 2942 gwedcm
962 2873 1048 2928 messe

40 2945 165 3000 cenabat
183 2941 235 2997 Fr.
254 2942 290 2998 A.
314 2942 395 3008 Wolf
419 2945 423 3011 Ι
453 2948 486 2996 39
506 2940 642 3011 expressit
660 2941 697 3008 F,
720 2958 769 2998 ono.
789 2943 947 3010 Hcomoam,
966 2957 1049 3009 expo-

40 3013 142 3069 nendis
167 3013 301 3080 Wapeowr
329 3013 334 3082 Ι
364 3012 409 3079 11,
424 3019 440 3066 2
463 3014 609 3081 parantem
626 3027 672 3066 me
690 3012 782 3080 inquit
799 3012 916 3066 Bclrlcer:
947 3012 1049 3078 parent

40 3085 108 3152 quid
128 3081 205 3137 enim
224 3081 310 3151 (enim
329 3081 397 3150 quid
416 3082 458 3151 F)
477 3097 522 3135 me
541 3083 698 3150 (parantem
715 3080 809 3149 inquit
825 3097 871 3134 me
893 3081 1025 3147 Walllaer)
1042 3080 1045 3151 Ι

40 3161 54 3208 3
81 3153 214 3209 laudavit
239 3153 388 3208 Acidaliae
415 3153 421 3233 Ι
449 3158 466 3206 9
493 3151 523 3204 in
540 3151 652 3206 Nerone
669 3151 717 3205 Bb
745 3151 910 3220 (imperante
937 3150 1047 3205 Nerone

40 3225 108 3282 Luc.
129 3225 242 3288 Mollior,
260 3222 289 3275 in
308 3220 437 3278 Neronirs
458 3220 564 3290 Osann)
591 3224 595 3291 Ι
622 3228 654 3275 10
672 3219 861 3290 importunam
878 3221 992 3288 malim!
1015 3226 1046 3276 11

40 3293 150 3350 Vatinii
167 3293 195 3350 J.
210 3292 262 3348 Fr.
279 3292 445 3349 Gronooioea
464 3290 593 3347 uaticinii
608 3294 612 3356 Ι
628 3292 658 3345 et
676 3291 739 3345 add.
758 3290 872 3360 Lotodos
887 3293 892 3360 Ι
921 3289 962 3361 in]
982 3291 1048 3348 Aci·

42 3367 155 3433 dalius!
172 3370 205 3418 12
223 3362 346 3417 numinis
362 3366 367 3433 Ι
385 3369 417 3418 13
436 3362 581 3432 diiungere
605 3361 732 3430 Wb'lfslio
747 3363 752 3431 Ι
769 3368 802 3415 14
820 3362 884 3428 sort.
905 3361 911 3374 '
937 3378 968 3417 os
984 3365 988 3428 Ι
1005 3377 1047 3414 se-

42 3435 194 3490 lutnntium
211 3433 313 3489 Schola:
333 3433 534 3488 salutationum
550 3437 553 3500 Ι
571 3439 604 3488 16
622 3430 780 3501 irrumpunt
798 3433 834 3500 bl
853 3438 885 3486 1‘1
903 3431 1048 3499 bucusque

43 3520 74 3560 ac
91 3506 218 3576 Lipsius:
238 3503 373 3571 cuiusque
392 3504 429 3558 sd
446 3502 590 3573 (cuiusque
609 3518 654 3558 ac.
666 3502 773 3558 tuetur
792 3503 925 3572 Potane)
