2474 4068
169 171 235 234 284
519 168 687 224 CORNELII
704 166 822 223 uteru

169 317 263 376 bonos
277 317 372 394 pauci.
387 314 504 394 quando
519 316 598 374 enim
612 315 830 373 rarissimarum
841 314 1048 374 recitationum
1058 314 1140 374 lama
1152 315 1191 373 in

77 420 81 428 ¹
145 411 262 467 statam
280 402 386 463 urbem
404 399 560 481 penetrat?
584 401 693 460 nedum
715 407 749 461 ut
772 418 826 477 per
844 406 888 460 tot
906 402 1073 478 provincias
1094 403 1190 461 inno-

170 498 272 553 tescat.
305 498 413 569 quotus
433 491 568 569 quisque,
586 507 653 549 cum
673 506 708 547 ex
728 487 867 565 Hispania
887 487 933 547 vel
952 488 1029 568 Asia,
1047 506 1086 548 ne
1107 489 1191 567 quid

170 579 207 640 de
222 578 311 639 Gallis
324 579 434 638 nostris
448 576 560 655 loquar,
579 577 610 635 in
624 575 729 636 urbem
743 577 832 655 venit,
848 574 977 635 Saleium
990 575 1117 636 Bassum
1132 595 1190 636 re-

171 663 284 746 quirit?
302 672 389 743 atque
404 663 475 723 adeo
490 666 516 723 si
531 665 597 742 quis
611 665 746 742 requirit,
765 670 799 723 ut
813 662 904 723 semel
918 662 999 745 vidit,
1020 666 1129 730 transit
1153 673 1191 724 et

171 761 328 815 contentus
346 758 404 830 est,
427 757 461 810 ut
479 753 505 811 si
522 753 669 829 picturam
688 750 815 828 aliquam
833 750 879 810 vel
901 758 1027 811 statuam
1046 751 1190 812 vidisset.

132 865 157 904 ιο
171 857 267 918 neque
285 839 365 900 hunc
383 856 483 898 meum
501 856 668 898 sermonem
682 840 725 898 sic
740 839 835 917 accipi
847 835 925 918 vola,
947 845 1098 917 tamquam
1117 858 1189 918 eoS,

172 927 280 1006 quibus
294 933 399 986 natura
418 944 472 986 sua
490 925 651 986 oratorium
664 927 816 1004 ingenium
830 924 993 1006 denegavit,
1011 926 1190 987 deterream

170 1034 187 1075 a
210 1014 403 1094 carminibus,
431 1016 456 1074 si
483 1013 570 1074 modo
593 1012 702 1073 iubae
725 1013 893 1074 studiorum
919 1022 1004 1092 parte
1027 1013 1188 1075 oblectare

169 1105 264 1164 otium
283 1111 313 1162 et
330 1120 437 1162 nomen
456 1103 588 1161 inserere
606 1108 732 1178 possunt
749 1101 850 1162 famae.
892 1119 946 1179 ego
966 1119 1035 1161 vero
1059 1120 1189 1162 emnem

171 1190 369 1269 eloquentiam
383 1206 544 1268 omnesque
559 1190 623 1248 eius
637 1195 737 1267 partes
752 1205 850 1248 sacras
863 1188 1084 1250 etvenerabiles
1094 1200 1187 1270 puto,

133 1299 157 1340 rs
172 1296 228 1338 nec
248 1277 343 1337 solum
362 1276 540 1336 cothurnum
558 1284 690 1336 vestrum
709 1283 760 1335 aut
777 1275 892 1336 heroici
908 1279 1046 1337 carminis
1061 1295 1187 1358 sonum,

171 1364 223 1424 sed
241 1365 402 1442 lyricorum
412 1381 529 1442 quoqne
548 1364 762 1424 iucunditatem
781 1370 811 1423 et
825 1363 976 1441 elegorum
993 1365 1130 1425 lascivias
1151 1376 1187 1426 et

171 1450 335 1512 iamborum
345 1451 570 1511 amaritudinem
584 1457 614 1511 ct
622 1453 865 1529 epigrammatum
873 1451 958 1512 lusus
968 1460 998 1512 et
1008 1471 1186 1531 quamcum-

171 1557 229 1618 que
248 1539 333 1598 aliam
352 1540 481 1616 speciem
500 1538 667 1617 eloquentia
684 1538 786 1619 habet,
815 1540 1049 1617 anteponendam
1068 1544 1187 1601 ceteris

171 1627 294 1688 aliarum
309 1628 418 1687 artium
437 1626 542 1687 studiis
561 1626 659 1687 credo.
683 1627 735 1687 sed
754 1635 854 1688 tecum
867 1627 950 1707 mihi,
967 1627 1108 1708 Materne,
1129 1647 1186 1689 res
1226 1689 1227 1694 ,

131 1739 157 1780 aa
171 1724 224 1796 est,
236 1714 314 1794 quod
319 1762 327 1795 ,
345 1733 413 1775 cum
424 1722 530 1776 natura
539 1716 668 1776 tetuain
677 1717 771 1792 ipsam
781 1732 880 1775 arcem
894 1715 1078 1793 eloquentiae
1092 1717 1184 1798 ferat,

171 1821 271 1863 errare
285 1805 377 1863 mavis
392 1810 422 1863 et
435 1820 549 1863 summa
564 1803 725 1880 adepturus
739 1805 770 1862 in
779 1802 939 1863 levioribus
950 1803 1095 1864 subsistis
1106 1813 1144 1864 ut
1154 1809 1186 1865 si

170 1893 202 1951 in
223 1890 344 1951 Graecia
363 1897 450 1951 natus
469 1908 558 1970 esses,
586 1889 638 1950 ubi
656 1888 785 1950 ludicras
804 1908 922 1969 quoque
946 1893 1017 1951 artis
1036 1909 1185 1953 exercere

170 1978 329 2039 honestum
347 1985 405 2058 est,
424 1996 457 2038 ac
475 1978 531 2038 tibi
544 1977 704 2038 Nicostrati
726 1976 818 2038 robur
831 1996 865 2038 ac
879 1980 957 2038 vires
971 1978 1002 2038 di
1016 1979 1184 2061 dedissent,

170 2083 231 2124 non
254 2073 372 2143 paterer
395 2067 528 2125 inmanes
551 2065 617 2125 illos
636 2073 666 2126 et
684 2064 719 2124 ad
737 2082 865 2143 pugnam
889 2074 973 2126 natos
992 2066 1119 2128 lacertos
1139 2067 1184 2128 le·

131 2176 157 2217 as
170 2154 260 2213 vitate
274 2151 363 2211 iaculi
377 2159 428 2212 aut
441 2154 520 2212 iactu
535 2153 611 2212 disci
623 2170 794 2233 vanescere,
814 2155 856 2214 sic
875 2171 954 2214 nunc
969 2162 998 2215 te
1013 2155 1050 2215 ab
1064 2156 1183 2216 audito·

171 2241 225 2300 riis
239 2247 269 2301 et
283 2239 408 2300 theatris
421 2241 452 2299 in
466 2240 564 2300 forum
577 2248 608 2300 et
621 2240 657 2300 ad
672 2257 775 2300 causas
793 2249 822 2301 et
836 2241 872 2301 ad
886 2260 955 2302 vera
969 2243 1080 2320 proelia
1094 2263 1182 2325 voco,

171 2346 240 2388 cum
258 2329 433 2406 praesertim
451 2346 489 2388 ne
508 2327 544 2387 ad
563 2326 634 2388 illud
657 2328 776 2406 quidem
794 2329 953 2407 confugere
972 2332 1077 2410 poesie,
1097 2333 1181 2409 quod

170 2415 322 2495 plerisque
336 2418 547 2496 patrocinatur,
565 2423 715 2494 tamqnam
732 2417 831 2477 minus
850 2416 1010 2478 obnoxium
1029 2420 1068 2478 sit
1087 2419 1180 2480 allen-

172 2521 221 2564 sae
239 2511 394 2583 poetarum
413 2522 501 2582 quam
521 2511 671 2565 oratorum
690 2504 829 2565 studium.
854 2505 1020 2566 eliervescit
1038 2509 1118 2568 enim
1132 2510 1181 2567 vis

132 2616 158 2655 aa
170 2591 388 2669 pulcherrimae
402 2600 525 2652 naturae
539 2600 619 2672 tuae,
638 2609 693 2652 nec
707 2609 762 2669 pro
777 2593 870 2653 amico
884 2591 996 2674 aliquo,
1016 2595 1081 2674 sed,
1097 2597 1179 2673 quad

171 2679 368 2756 periculosius
382 2687 440 2759 est,
458 2697 513 2757 pro
528 2679 637 2739 Catone
651 2679 783 2739 ollendis.
819 2697 874 2740 nee
893 2689 1052 2741 excusatur
1065 2683 1179 2742 offensa

171 2765 391 2826 necessitudine
405 2766 496 2826 olircii
509 2774 560 2826 aut
572 2767 630 2826 lide
644 2767 842 2826 advocationis
857 2775 908 2828 aut
922 2768 1059 2828 fortuitae
1080 2778 1109 2830 et
1129 2789 1178 2831 su-

1226 2859 1227 2880 l

242 2916 288 2985 10,
303 2923 320 2971 4
337 2914 543 2970 rarissimarum
561 2918 638 2972 libri:
662 2916 879 2976 clarissimarum
897 2919 1014 2987 Stea’aer,
1032 2920 1178 2976 rarissima
1226 2915 1227 2972 l

170 2987 270 3041 herum
287 2988 443 3053 Andresea,
465 2986 511 3040 vel
528 2987 812 3056 praeclarissimamm
830 2991 887 3058 ipsc
905 2992 1055 3060 qaoadam,
1077 2989 1178 3046 harum
1226 2989 1227 3066 l

171 3059 323 3129 Stellatem,
345 3057 454 3113 Wieaer
473 3057 588 3113 Stadiea
605 3058 718 3126 11,153
743 3062 747 3127 Ι
772 3065 787 3113 't
807 3057 907 3113 Galliis
926 3061 1089 3132 Sabaitiapl
1110 3069 1126 3116 8
1145 3065 1178 3116 ui
1226 3077 1227 3098 ¹

170 3129 330 3184 Acidaltasa
350 3130 379 3182 ei
402 3131 407 3197 Ι
435 3135 468 3182 16
486 3126 639 3196 elegiarum
656 3130 704 3184 Bb
730 3131 734 3198 Ι
760 3135 792 3184 17
812 3132 841 3184 et
859 3132 922 3185 add.
942 3131 1088 3186 Acidaliae
1112 3136 1117 3200 Ι
1144 3139 1176 3187 18

170 3197 258 3251 habet
276 3199 437 3253 Hemaaaa:
460 3197 566 3252 habeat
589 3200 594 3266 1
620 3199 789 3254 raetiarum
821 3199 953 3254 altiorum
971 3203 1121 3268 Aadresea,
1139 3220 1178 3257 aa
1226 3265 1227 3270 η

170 3267 353 3322 liberalium?
377 3270 382 3336 1
412 3274 445 3322 2ο
464 3269 493 3322 le
511 3269 555 3322 ata
573 3270 682 3335 addidi,
701 3275 763 3324 arata
794 3272 856 3324 erat
873 3272 1019 3327 Acidaliae
1042 3273 1047 3339 Ι
1071 3275 1175 3344 arcem]

171 3339 261 3390 artem
285 3339 290 3405 l
314 3343 347 3390 21
367 3337 494 3406 adeptus,
513 3353 560 3392 em.
578 3337 724 3393 Acidaliae
743 3343 748 3406 1
768 3346 803 3394 24
820 3341 891 3395 istas
909 3341 1005 3408 Boo}
1022 3347 1055 3396 26
1076 3341 1175 3414 [iaetu]
1226 3395 1227 3414 ,

170 3406 317 3527 Aadqfeseq
335 3407 339 3474 1
365 3412 398 3460 28
419 3405 542 3461 offensae
558 3407 716 3464 Acidaliae:
737 3407 877 3464 offendere
901 3414 906 3481 1
936 3418 969 3466 29
989 3411 1173 3484 efferueseetl

170 3482 204 3530 31
225 3491 240 3530 o
263 3491 298 3529 en
319 3491 348 3528 es
