2474 4068
208 164 274 230 234
554 162 857 218 conmuuracrrr

207 311 341 392 llalvetii,
356 311 496 372 ulteriora
509 309 582 391 boii,
596 309 705 372 Gallica
718 318 844 390 utraque
858 327 940 391 gens,
954 317 1089 372 tenuere.
1116 322 1219 371 manet

208 401 303 462 adbuc
317 398 468 462 Boihaemi
483 417 590 461 nomen
605 400 808 478 significatque
822 398 880 460 loci
894 405 1022 459 veterem
1037 401 1219 460 memoriam

208 491 340 570 quamvis
353 490 474 550 mutatis
488 487 661 550 cultoribus.
676 487 728 548 sed
736 496 837 548 utrum
847 486 1018 548 Ararisclin
1028 485 1217 547 Pannoniam

168 603 194 642 ao
208 576 243 638 ab
258 576 325 639 Osis
336 575 563 656 [Germanorum
577 573 709 653 natione]
722 593 759 636 an
773 574 825 637 Osi
838 574 874 636 ab
889 574 1036 636 Araviscis
1050 576 1083 634 in
1095 575 1217 636 Germa·

206 668 284 728 niam
307 666 573 746 commigraverint,
586 681 654 725 cum
669 664 773 724 eodem
795 663 890 725 adhuc
909 681 1045 724 sermone
1063 665 1217 724 institutis

206 752 337 815 moribus
353 759 482 832 utantur,
497 753 644 813 incertum
659 759 712 834 est,
727 753 797 832 quia
810 753 875 830 pari
889 751 957 812 olim
969 753 1069 830 inopia
1079 769 1119 813 ac
1130 752 1216 812 liber·

205 849 266 903 tate
284 840 385 901 eadem
404 842 561 920 utriusque
579 841 660 919 ripae
679 839 756 900 bona
774 839 907 920 malaque
922 847 1013 900 erant,
1041 837 1183 901 'lrereri
1196 853 1216 899 u

205 928 306 990 Nervii
328 930 407 990 circa
429 928 654 990 adfectationem
672 927 862 989 Germanicae
880 931 1002 1006 originis
1020 926 1104 988 ultro
1127 928 1217 989 ambi·

167 1043 193 1084 aa
206 1019 275 1078 tiosl
293 1025 371 1099 sunt,
390 1023 538 1096 tamquam
555 1033 610 1096 per
628 1016 702 1077 banc
721 1015 844 1095 gloriam
867 1017 1017 1094 sanguinis
1036 1033 1052 1076 a
1073 1017 1216 1077 similitu·

206 1106 274 1167 dine
289 1113 318 1167 et
331 1107 436 1166 inertia
451 1104 601 1166 Gallorum
616 1111 798 1183 separentur.
812 1106 906 1183 ipsam
920 1103 1015 1165 libeni
1024 1105 1128 1182 ripam
1139 1104 1216 1165 baud

205 1193 294 1255 dubie
317 1192 531 1255 Germanorum
549 1191 651 1274 populi
669 1191 782 1274 colunt,
801 1190 978 1273 Vangiones,
1002 1190 1145 1274 Triboci,
1168 1193 1217 1253 lle

205 1290 307 1344 metes.
330 1299 367 1343 ne
381 1280 450 1342 Ubii
463 1281 591 1361 quidem,
608 1297 784 1360 quamquam
798 1279 926 1341 Romana
941 1279 1054 1342 colonia
1068 1297 1145 1341 esse
1161 1299 1216 1342 me

205 1372 321 1432 rucrint
352 1386 386 1430 ac
412 1368 553 1430 libentius
575 1367 805 1447 Agrippinenses
835 1367 997 1429 conditoris
1019 1368 1066 1428 sui
1091 1371 1217 1430 nomine

166 1482 193 1524 ao
206 1463 356 1537 vocentur,
371 1458 485 1534 origine
498 1454 686 1536 erubescunt,
700 1459 878 1534 transgressi
888 1455 958 1516 olim
967 1466 997 1516 et
1006 1458 1215 1534 experimento

205 1545 273 1607 daei
288 1561 378 1624 super
392 1546 485 1623 ipsam
499 1543 594 1605 libeni
608 1545 702 1624 ripam
717 1542 864 1625 collocati,
883 1551 917 1605 ut
930 1551 1079 1624 arcerent,
1103 1563 1174 1608 non
1189 1555 1215 1606 ut

206 1633 437 1697 custodirentur.

271 1719 322 1784 29.
353 1721 490 1784 Omnium
513 1720 619 1782 harum
642 1722 773 1800 gentium
801 1722 910 1782 virtute
933 1721 1085 1799 praecipui
1112 1721 1215 1784 Balari

204 1827 264 1874 non
283 1810 409 1872 multum
427 1827 463 1872 ex
482 1811 555 1891 ripa,
570 1807 621 1869 scd
635 1808 761 1870 insularn
775 1807 870 1869 llheni
884 1810 978 1870 amnis
992 1809 1103 1888 colunt,
1126 1810 1224 1880 Chat-l

204 1907 304 1961 torum
324 1897 471 1978 quondam
489 1896 616 1977 populus
636 1905 666 1958 ot
680 1897 824 1958 seditione
839 1896 998 1958 domestica
1012 1899 1043 1957 in
1058 1915 1109 1957 aas
1127 1901 1215 1960 sedes

204 1994 416 2068 transgressus,
435 1988 466 2047 ln
487 1985 596 2066 quibus
609 2001 678 2066 pars
691 1985 814 2046 Romani
828 1987 945 2064 imperii
958 1985 1071 2046 tierent.
1110 1997 1214 2048 manet

179 2073 299 2139 thonos
317 2082 347 2134 ot
365 2075 501 2152 antiquae
520 2075 669 2134 societatis
687 2075 815 2154 insigne3
838 2089 905 2134 nam
924 2090 979 2134 nec
998 2073 1121 2135 tributis
1144 2095 1214 2137 con·

204 2169 377 2222 temnuntur
391 2179 446 2222 nec
459 2160 635 2239 publicanus
648 2163 763 2242 atterit;
781 2163 910 2240 exempti
923 2161 1063 2223 oneribus
1077 2170 1108 2224 et
1124 2165 1214 2226 colla·

205 2248 334 2310 tionibus
358 2257 388 2310 et
406 2256 520 2310 tantum
538 2250 569 2309 in
588 2266 676 2309 usum
694 2247 874 2326 proeliorum
894 2253 1028 2330 sepositi,
1051 2250 1135 2311 velut
1155 2253 1214 2316 tela

205 2347 293 2416 atque
316 2355 411 2418 arma,
434 2335 519 2397 bellis
542 2344 740 2398 reservantur.
773 2339 866 2398 estin
886 2338 987 2399 codem
1011 2337 1159 2418 obsequio
1189 2349 1214 2401 et

204 2426 407 2488 Mattiacorum
426 2442 513 2507 gcns;
535 2424 660 2504 protulit
677 2426 756 2486 enim
774 2426 944 2504 magnitudo
963 2426 1064 2506 populi
1083 2425 1213 2490 llomanl

165 2539 192 2580 ao
204 2514 281 2576 ultra
295 2513 431 2576 lllrenum
446 2513 581 2593 ultraque
596 2522 711 2576 veteres
724 2515 867 2576 terminos
876 2516 1213 2593 imperiireverentiam.

203 2604 244 2663 ita
266 2601 334 2664 sede
358 2602 526 2682 finibusque
546 2604 577 2663 in
596 2621 649 2664 sua
667 2604 741 2683 ripa,
759 2609 857 2664 mente
878 2605 1033 2682 animoque
1051 2602 1212 2666 nobiscum

203 2697 306 2769 agornt,
330 2698 427 2751 cetera
451 2690 562 2752 similos
580 2689 709 2771 Batavis,
732 2692 790 2752 nisi
809 2690 887 2770 quod
912 2692 976 2770 ipso
995 2690 1091 2753 adbuc
1108 2700 1212 2756 terrac

203 2794 273 2837 suae
288 2776 350 2837 solo
365 2784 395 2837 et
409 2777 489 2838 caelo
504 2779 602 2839 acrius
616 2780 792 2839 animantur.

273 2998 318 3066 28,
334 3004 349 3054 't
367 2999 485 3066 utraque
504 3015 553 3055 om.
573 2999 589 3054 b
618 3001 623 3069 Ι
652 3005 668 3054 8
687 2997 811 3054 bolhemi
834 3001 875 3055 cel
893 3001 996 3056 boiemi
1009 3001 1150 3072 pieridum
1178 3004 1211 3060 de

202 3071 340 3138 scriptura
357 3069 689 3138 perincolumem
706 3073 711 3135 Ι
727 3075 743 3126 8
763 3069 911 3140 signatque
930 3073 966 3128 bc
981 3075 985 3141 Ι
1001 3071 1056 3126 coli
1079 3071 1210 3130 Weidner

202 3141 302 3195 Pbelol.
320 3145 364 3206 41,
378 3145 434 3196 367
458 3143 463 3209 Ι
487 3146 521 3195 10
538 3139 611 3194 boiis
629 3141 713 3209 Boo,
734 3139 790 3196 osia
808 3157 903 3213 margo
921 3144 937 3198 b
961 3144 966 3209 l
993 3142 1210 3214 [Germanorum

200 3209 326 3282 natione]
352 3211 480 3278 Poasoao,
508 3211 543 3279 cs.
561 3227 583 3266 c.
603 3215 640 3266 43
668 3214 673 3280 Ι
707 3218 739 3267 12
759 3212 826 3280 quia
866 3211 915 3281 qui
933 3212 994 3268 Bb¹
1023 3217 1028 3283 Ι
1059 3221 1092 3268 14
1110 3213 1210 3271 Nervii

148 3297 151 3304 ’
201 3279 483 3362 erenoausglloruli
498 3283 503 3350 Ι
518 3296 667 3352 germanae
686 3283 702 3337 b
718 3286 722 3352 Ι
740 3289 772 3338 ll
792 3282 831 3336 du
851 3281 872 3337 ii
889 3283 1023 3338 Hortatur
1038 3286 1042 3348 Ι
1057 3284 1168 3340 treboci
1190 3285 1212 3340 0

200 3352 256 3476 ΓΒ
275 3367 310 3406 ne
327 3351 393 3405 Ubn
413 3349 526 3408 Gruterz
545 3351 624 3408 nubii
643 3356 648 3423 1
670 3359 701 3408 19
721 3369 737 3408 e
755 3352 908 3408 conditoris
927 3355 1074 3410 Acidaliae
1099 3359 1103 3420 l
1129 3356 1175 3424 29,
1195 3363 1207 3411 1

223 3422 297 3478 sttui
315 3423 339 3489 b,
357 3421 466 3476 boiarii
482 3423 540 3478 ΒΟ
590 3429 606 3477 2
626 3425 763 3478 cattorum
781 3424 854 3492 B¹b,
872 3427 935 3479 item
953 3425 1025 3480 olias
1042 3427 1074 3479 in
1091 3426 1141 3480 boc
1158 3443 1208 3484 no·

201 3494 272 3549 mine
290 3492 296 3564 Ι
317 3498 332 3548 5
352 3494 531 3548 conteruntur
554 3425 690 3564 brunus!
712 3501 728 3549 9
747 3495 932 3549 matlacorum
951 3493 1043 3566 0112
1061 3495 1173 3552 balanis
1189 3497 1208 3554 b
