2474 4068
248 139 343 195 nina.
362 139 410 194 DE
430 140 655 195 ORATORIBUS
676 149 787 197 11—14.
959 144 1023 209 287

32 286 156 348 bernium
170 303 344 364 comparare
358 288 509 347 timuerim
522 305 590 347 cum
600 290 731 367 inquieta
741 297 770 349 et
780 291 865 349 anxia
875 298 1024 351 oratorum

32 377 87 434 rita.
117 375 188 436 licet
207 374 274 434 illos
293 376 454 435 certamina
469 382 498 434 et
511 375 642 452 pericula
657 395 710 437 sua
725 377 760 436 ad
775 377 945 438 consulatus
960 396 1024 438 eve-

32 465 127 543 xerint,
146 461 223 522 malo
243 479 382 523 securum
403 469 433 522 et
452 464 584 540 quietum
600 462 713 541 Virgilii
732 482 894 545 secessum,
913 467 944 525 in
965 484 1023 543 quo

33 558 115 610 tamen
128 566 227 629 neque
241 549 318 628 apud
334 549 433 610 divum
447 550 612 628 largustum
626 554 721 629 gratia
734 555 830 613 caruit
840 570 935 631 neque
946 553 1023 631 apud
1038 578 1051 618 s

31 638 160 716 populum
178 637 342 698 Romanum
361 639 474 697 notitia.
511 645 603 698 testes
621 638 745 717 Augusti
764 640 920 719 epistulae,
939 642 1024 701 testis

30 727 80 802 lpse
94 725 235 806 populus,
254 727 305 804 qui
320 725 428 785 auditis
442 726 473 785 in
488 725 603 785 theatro
617 725 731 804 Virgilii
745 727 880 788 versibus
895 731 1025 788 surrexit

31 815 175 873 universus
194 821 224 874 et
242 813 318 872 forte
336 819 523 890 praesentem
542 821 783 894 spectantemque
804 815 958 894 Virgilium
977 833 1024 876 ve·

30 910 139 962 aeratus
155 908 201 961 est
215 902 258 960 sic
273 902 358 979 quasi
371 900 545 978 Augustum.
569 919 606 961 ne
625 905 736 962 nostris
753 903 872 982 quidem
886 905 1024 982 tempori-

30 987 75 1048 bus
98 987 255 1050 Secundus
280 987 461 1066 Pomponius
480 988 550 1049 Afro
569 989 695 1049 Domitio
714 989 760 1050 vel
782 991 924 1068 dignitate
948 993 1023 1051 vitae
1039 1014 1065 1054 ro

29 1076 65 1136 rel
77 1078 278 1156 perpetuitate
293 1075 385 1136 famae
400 1078 532 1137 cesserit.
570 1095 638 1136 nam
652 1076 775 1156 Crispus
789 1079 846 1138 iste
860 1085 889 1138 et
903 1077 1023 1138 Marcel·

29 1162 74 1244 lus,
91 1165 128 1225 ad
150 1181 277 1243 quorum
296 1163 428 1242 exempla
446 1181 493 1224 me
508 1182 608 1244 vocas,
632 1165 703 1243 quid
722 1164 831 1226 habent
849 1167 881 1225 in
898 1165 953 1225 hac
972 1183 1025 1225 sua

30 1251 137 1313 fortuna
161 1247 452 1329 concupiscendum?
475 1251 554 1329 quod
575 1253 689 1332 timent,
713 1269 749 1313 an
768 1253 848 1331 quod
867 1251 1026 1314 timentur?

30 1341 110 1422 quod,
135 1357 204 1401 cum
227 1339 335 1399 cotidie
359 1338 468 1417 aliquid
492 1348 646 1419 rogentur,
670 1342 692 1400 ii
715 1340 824 1419 quihus
838 1337 861 1420 †
875 1349 1026 1420 praestant

29 1423 233 1506 indignantur?
256 1426 334 1505 quod
353 1426 472 1505 adligati
488 1429 592 1487 canina
606 1426 772 1489 adulatione
787 1447 842 1489 nee
856 1431 1025 1507 imperanti·
1039 1451 1065 1492 1⁵

30 1513 74 1576 lus
88 1533 231 1594 umquam
246 1516 317 1575 satis
330 1516 408 1574 serui
422 1514 559 1575 videntur
574 1532 628 1576 nec
644 1515 728 1576 nobis
743 1517 815 1577 satis
829 1514 937 1577 liberi?
951 1534 1025 1594 quae

28 1601 89 1665 laec
105 1621 220 1665 summa
236 1619 337 1663 eorum
352 1604 484 1680 potentia
499 1598 565 1662 est?
584 1610 697 1663 tantum
710 1621 798 1681 posse
812 1602 912 1664 liberti
922 1603 1025 1663 solent.

29 1710 151 1753 nevero
166 1690 298 1770 dulces,
312 1699 346 1751 ut
359 1689 499 1768 Virgilius
514 1692 563 1769 ait,
577 1689 709 1770 Musae,
728 1698 874 1751 remotum
889 1708 905 1750 a
920 1689 1026 1750 sollici·

32 1779 177 1841 ludinibus
192 1787 221 1838 et
231 1780 312 1839 curis
322 1785 352 1838 et
361 1779 536 1838 necessitate
547 1778 654 1838 cotidie
663 1777 772 1856 aliquid
783 1786 886 1839 contra
896 1779 1026 1838 animum

28 1867 155 1947 faciendi,
164 1868 196 1927 in
206 1866 255 1927 illa
265 1884 347 1926 sacra
357 1865 481 1944 illosque
491 1869 534 1926 ud
546 1865 635 1926 fontis
650 1866 758 1946 ferant;
772 1884 827 1926 nec
836 1867 974 1926 insanum
983 1863 1024 1925 nl·
1040 1888 1066 1928 so

29 1961 64 2015 fra
79 1965 109 2017 et
123 1954 273 2016 lubricum
287 1955 384 2014 forum
397 1954 561 2032 famamque
570 1953 728 2030 pallentem
738 1954 872 2032 trepidus
882 1955 1025 2033 experiar.

27 2061 77 2104 non
96 2061 147 2105 me
165 2043 301 2102 fremitus
321 2041 511 2101 salutantium
534 2059 588 2101 neo
607 2041 747 2102 anhelans
765 2041 890 2102 libertus
909 2043 1026 2121 excitet,

28 2149 73 2192 nec
93 2134 229 2192 incertus
248 2129 342 2190 futuri
360 2137 569 2189 testamentum
591 2147 646 2207 pro
669 2132 793 2209 pignore
817 2130 953 2210 scribam,
972 2147 1027 2190 nec

27 2218 84 2296 plus
106 2217 231 2279 habeam
250 2235 336 2296 quam
356 2217 434 2295 quod
448 2219 560 2294 possim
574 2219 623 2278 cui
638 2216 724 2278 velim
738 2217 906 2297 relinquere
921 2211 1026 2298 (quan-

26 2307 116 2387 doque
128 2309 209 2366 enim
218 2305 313 2366 fatalis
324 2312 353 2365 et
361 2322 446 2367 meus
457 2305 520 2364 dies
530 2298 652 2387 veniet),
661 2314 831 2384 statuarque
841 2305 955 2365 tumulo
967 2322 1026 2363 non
1040 2323 1066 2364 rs

26 2405 152 2456 maestus
172 2401 202 2454 et
221 2400 317 2473 atrox,
336 2391 388 2452 sed
407 2390 508 2453 hilaris
527 2400 557 2453 et
575 2400 745 2472 coronatus,
765 2401 794 2452 et
813 2409 867 2470 pro
886 2392 1026 2451 memoria

27 2487 78 2544 nei
93 2499 152 2543 nec
166 2478 300 2542 consulat
314 2481 469 2558 quisquam
484 2497 539 2540 nec
553 2476 656 2558 roget'

87 2567 139 2632 14.
159 2568 284 2629 Vixdum
298 2568 414 2629 linierat
427 2567 587 2647 Maternus,
602 2568 766 2628 concitatus
780 2574 811 2627 et
829 2565 909 2626 velut
923 2567 1026 2626 instin-

89 2757 138 2823 18,
154 2761 170 2810 3
189 2754 259 2808 istos
276 2755 340 2809 Bb¹
362 2757 366 2824 Ι
391 2753 428 2808 ad
446 2754 572 2823 Lipsius:
592 2754 621 2808 et
640 2752 686 2822 (ad
705 2752 862 2808 sacerdotia
881 2753 932 2821 (cel
948 2768 1027 2821 prae·

26 2828 107 2895 iuras)
130 2827 160 2879 et
179 2825 291 2890 Vahlen,
309 2824 345 2879 ad
364 2840 431 2893 opes
450 2823 479 2878 et
496 2825 596 2892 Ritter)
614 2826 618 2894 Ι
634 2823 796 2878 consulatus
815 2823 855 2878 F:
873 2823 1027 2878 conventus

27 2897 49 2962 0,
67 2889 147 2952 eent’
167 2895 203 2962 B,
223 2897 318 2950 coetus
337 2897 352 2950 b
368 2899 372 2962 Ι
389 2900 405 2950 8
425 2893 598 2965 [Virgilium]
619 2895 751 2965 Ernesti}
770 2901 802 2948 14
821 2892 911 2960 aliqui
928 2892 1025 2963 Banu

25 2981 74 3021 non
93 2966 373 3036 praestantLepse'us,
391 2966 454 3032 sort.
473 2966 586 3033 praesto
604 2979 661 3018 non
679 2966 745 3018 sunt
761 2966 803 3020 uel
821 2978 902 3032 opem
919 2961 1027 3014 nullam

23 3035 167 3104 praestant
183 3039 188 3104 Ι
204 3041 237 3090 15
256 3035 357 3090 canina
370 3037 481 3104 sampsi:
502 3051 564 3088 oum
578 3038 690 3102 (canum
699 3035 801 3100 Haase,
819 3031 920 3086 humili
933 3031 1027 3087 Scluat·

23 3109 89 3178 tiop)
115 3110 121 3176 1
147 3113 181 3162 20
199 3106 241 3176 in]
261 3106 297 3159 ad
314 3106 442 3162 naerens
465 3108 470 3175 Ι
494 3104 551 3160 isia
569 3121 649 3159 sacra
666 3103 791 3171 istosque
808 3104 857 3157 Bb
881 3103 885 3170 Ι
908 3101 945 3155 ad
963 3103 1027 3157 odel.

22 3175 113 3233 Ritter
133 3175 264 3244 (illasque
282 3175 388 3230 frondis
407 3175 476 3230 Hora
495 3177 517 3244 t)
537 3177 541 3241 1
563 3181 595 3230 21
615 3174 768 3243 pallentem
788 3175 803 3228 b
821 3188 902 3230 com
940 3170 1029 3226 allan-

26 3249 79 3302 tem
98 3246 170 3316 BF,
189 3247 334 3315 palantem
352 3246 410 3301 o¹0
427 3192 568 3314 (fnlfacem
585 3245 733 3324 Bottielrer)
758 3246 763 3313 l
788 3249 822 3298 at
841 3189 1029 3310 quandocum-

24 3333 71 3384 que
94 3327 156 3387 (om.
182 3316 267 3386 enim)
288 3318 367 3384 Prot,
395 3315 561 3384 quandoque
581 3314 649 3368 ol1m
668 3314 781 3382 Steirter,
809 3311 1024 3384 [quandoque..

23 3388 126 3471 reniet]
147 3387 239 3443 Ritter
254 3389 259 3457 Ι
275 3393 308 3442 25
328 3387 357 3442 et
375 3401 424 3442 om.
436 3385 565 3442 Pithoeus
581 3387 586 3456 Ι
600 3383 696 3439 ueniet
711 3385 726 3440 b
740 3400 822 3442 corr:
836 3383 933 3438 ueniat
942 3382 1032 3439 BOF

24 3460 141 3528 (venerit
158 3457 282 3526 moestu
