2490 4066
327 193 531 250 Aeffloomtu
550 199 613 250 38-
620 200 662 250 42.
930 196 993 259 271

12 347 34 401 rt
53 341 175 401 interim
189 339 324 418 Agricola
344 342 510 401 successori
528 359 582 401 suo
600 343 783 421 provinciam
801 345 932 421 quietam
949 351 995 404 tu-

12 446 120 507 tmque.
151 445 186 488 ao
204 445 242 488 ne
260 427 398 488 notabilis
419 428 590 490 celebritate
609 438 639 490 et
658 429 824 509 frequentia
838 449 996 493 occurren-

12 521 64 576 tum
80 517 221 576 introitus
236 523 328 595 esset,
341 518 432 576 vitato
447 519 609 578 amicorum
623 518 719 578 officio
734 526 823 579 noctu
837 520 868 578 in
883 518 996 600 urbem,

12 611 82 664 ,octu
95 605 127 663 in
137 602 290 684 Palatium,
303 606 344 664 ita
359 611 392 664 ut
403 612 593 684 praeceptum
603 613 675 686 erat,
689 608 782 686 veuit;
796 615 996 685 exceptusque
1010 631 1037 672 1⁵

12 693 76 751 revi
93 690 196 751 osculo
220 699 249 752 et
267 691 348 751 nullo
372 709 508 752 sermone
527 691 631 753 turbae
651 695 842 754 servientium
856 695 998 754 inmixtus

13 787 45 838 st.
83 786 216 840 ceterum
234 781 279 839 uti
297 778 423 839 militare
442 796 558 858 nomen,
586 798 673 858 grave
697 782 775 840 inter
793 783 913 861 otiosos,
933 781 998 841 aliis

12 865 153 927 irtutibus
171 873 363 946 temperaret,
387 866 630 944 tranquillitatem
654 874 741 946 atque
767 870 861 929 otium
878 870 998 947 penitus

12 957 103 1035 ausit,
127 953 210 1015 cultu
224 953 372 1035 modicus,
395 971 531 1014 sermone
545 953 655 1034 facilis,
679 973 737 1016 uno
756 962 808 1015 aut
821 954 913 1017 altero
928 958 998 1017 ami-

12 1061 95 1102 orum
110 1044 276 1122 comitatus,
290 1041 363 1101 adeo
377 1043 422 1102 uti
435 1041 579 1123 plerique,
594 1041 702 1121 quibus
716 1060 838 1121 magnos
851 1046 930 1103 viros
944 1061 998 1123 per
1012 1068 1039 1108 ιο

12 1129 182 1190 imbitiouem
210 1131 365 1189 aestimare
392 1146 457 1189 mos
484 1135 541 1210 est,
569 1131 632 1189 riso
661 1138 839 1210 aspectoque
862 1131 998 1209 Agricola

12 1223 170 1294 praererent
184 1217 298 1296 famam,
312 1218 400 1296 pauci
412 1217 689 1296 interpretarentur.

59 1302 110 1366 41.
134 1304 245 1365 Crebro
268 1322 322 1382 per
345 1321 396 1364 eos
419 1304 482 1364 dies
506 1304 583 1384 apud
606 1304 804 1365 Domitianum
822 1303 928 1365 absens
951 1323 997 1366 ac·

12 1401 129 1472 :usatus,
152 1391 258 1452 absens
282 1389 434 1452 absolutus
457 1400 511 1452 est.
548 1410 635 1453 causa
657 1391 784 1471 periculi
801 1409 862 1452 uon
884 1395 997 1453 crimen

12 1480 86 1540 ilum
106 1487 156 1540 aut
178 1477 298 1558 querela
316 1479 388 1539 laesi
407 1481 591 1560 cuiusquam,
618 1480 671 1541 sed
685 1481 819 1541 infensus
837 1479 997 1541 virtutibus

12 1571 132 1647 uinceps
151 1575 181 1628 et
198 1566 290 1645 gloria
309 1567 366 1627 riri
383 1584 416 1627 ac
435 1569 596 1646 pessimum
610 1569 799 1629 inimicorum
817 1585 920 1648 genus,
937 1568 998 1629 lau·

12 1655 105 1715 lantes.
129 1662 159 1716 et
178 1673 211 1715 ea
224 1657 360 1715 insecuta
374 1663 444 1715 sunt
459 1657 503 1714 rei
516 1654 651 1734 pubbcae
666 1662 807 1736 tempora,
827 1673 900 1734 quae
916 1655 1024 1720 sileris

12 1743 158 1821 lgricolam
172 1761 232 1802 nou
247 1742 392 1802 sinerent:
411 1748 456 1802 tot
475 1743 623 1803 exercitus
637 1744 669 1802 in
683 1742 792 1803 lloesia
807 1742 952 1821 Daciaque
968 1751 998 1803 et

12 1829 148 1891 lermauia
167 1837 197 1890 et
214 1829 364 1890 Pannonia
382 1831 548 1891 temeritate
571 1839 622 1891 aut
643 1848 698 1909 per
720 1832 865 1909 ignaviam
888 1830 998 1891 ducum

12 1920 106 1999 missi,
119 1924 164 1978 tot
178 1917 320 1978 militares
339 1918 396 1977 riri
409 1935 477 1977 cum
490 1925 536 1978 tot
549 1917 721 1978 cohortibus
735 1920 895 1998 expugnati
908 1925 938 1978 et
951 1935 997 1978 oa·

12 2008 51 2086 tti;
81 2024 136 2067 uec
150 2007 209 2066 iam
223 2005 259 2066 de
273 2004 366 2066 limite
380 2006 497 2083 imperii
511 2012 541 2066 et
555 2007 628 2086 ripa,
646 2006 698 2066 sed
714 2005 749 2066 de
763 2005 896 2066 bibernis
910 2005 997 2084 legio·

13 2111 65 2154 tum
78 2102 108 2155 et
126 2095 315 2173 possessione
334 2091 508 2153 dubitatum.
531 2095 572 2153 ita
591 2111 659 2154 cum
678 2093 783 2154 damna
802 2093 915 2154 damnis
929 2111 997 2154 con·
1012 2117 1038 2158 ιο

13 2183 180 2243 iuuareutur
195 2191 283 2260 atque
297 2182 393 2241 omnis
407 2198 502 2242 annus
516 2181 672 2242 funeribus
686 2190 716 2242 et
730 2181 863 2243 cladibus
876 2183 997 2260 insigni·

13 2278 88 2352 retur,
116 2263 296 2349 poscebatur
319 2286 371 2329 ore
397 2268 478 2347 vulgi
500 2268 559 2329 dux
582 2269 731 2349 Agricola,
759 2269 997 2349 comparantibus

14 2361 108 2420 :unctis
122 2360 255 2436 vigorem
273 2364 304 2417 et
322 2358 516 2417 constantiam
539 2363 569 2416 et
587 2363 742 2435 expertum
764 2356 849 2417 bellis
867 2358 998 2416 animum

14 2461 61 2506 :um
77 2448 187 2507 inertia
205 2452 235 2506 et
253 2444 411 2506 formidine
430 2462 542 2524 eorum,
560 2446 669 2519 quibus
682 2447 836 2506 exercitos
854 2447 1000 2506 commiti·

14 2538 130 2596 tolerent.
160 2532 268 2612 quibus
287 2531 474 2593 sermonibus
494 2533 566 2593 satis
580 2538 695 2593 constat
708 2530 865 2591 Domitiani
879 2548 997 2610 quoque
1011 2553 1038 2594 rs

15 2637 78 2682 ures
98 2620 277 2700 verberatas,
297 2620 368 2681 dum
381 2621 510 2699 optimus
526 2621 652 2699 quisque
666 2617 841 2679 libertorum
855 2636 954 2678 amore
968 2625 998 2679 et

15 2707 63 2789 ide,
82 2711 207 2790 pessimi
220 2709 400 2787 malignitate
415 2716 445 2768 et
458 2708 549 2768 livore
564 2725 692 2787 pronum
706 2705 903 2767 deterioribus
917 2707 997 2785 prin·

15 2797 87 2872 :ipem
106 2796 343 2858 exstimulabant.
371 2798 414 2856 sic
433 2795 568 2874 Agricola
587 2795 675 2856 simul
688 2797 750 2856 suis
764 2794 937 2876 virtutibus,
961 2796 998 2856 si·

15 2884 54 2943 uul
67 2888 147 2947 vitiis
162 2884 286 2945 aliorum
300 2887 331 2945 in
345 2886 438 2962 ipsam
454 2883 576 2961 gloriam
590 2902 732 2963 praeceps
746 2882 896 2961 agebatur.

57 2970 109 3034 42.
138 2972 249 3033 Aderat
270 2974 329 3032 iam
351 2989 459 3053 annus,
483 2990 540 3050 quo
563 2971 805 3051 proconsulatum
827 2971 943 3032 Africae
968 2978 998 3031 et

62 3157 108 3228 to,
126 3164 158 3214 ib
176 3159 382 3227 praetemptum
399 3157 427 3212 B
449 3159 454 3225 Ι
481 3163 514 3213 16
533 3156 632 3212 turbae
651 3173 701 3212 oen.
720 3156 748 3210 B
767 3158 772 3225 1
796 3163 829 3212 17
847 3158 880 3211 ut
899 3157 997 3212 Puteo·

17 3243 73 3284 uuus
97 3232 102 3298 Ι
130 3236 161 3284 19
180 3228 277 3283 hausit
297 3228 379 3283 wer:
398 3226 476 3282 suxit
498 3230 502 3297 Ι
527 3227 573 3296 41,
588 3233 604 3282 6
623 3225 730 3280 Moesia
747 3227 786 3281 Li
804 3228 874 3283 sitm
892 3224 996 3299 Misia}

17 3298 93 3371 triri]
112 3299 169 3354 vici
185 3299 230 3355 Jo.
241 3298 292 3356 Fr.
303 3298 458 3354 Groewoim
474 3299 478 3366 Ι
495 3303 529 3353 10
546 3296 753 3366 possessionum
814 3298 819 3366 Ι
837 3303 869 3352 1³
888 3299 918 3351 et
935 3302 999 3352 ante

17 3372 79 3424 :onst
99 3387 149 3426 mn.
169 3371 196 3424 A
221 3373 226 3439 Ι
252 3375 285 3423 14
304 3370 412 3440 eorum]
432 3369 587 3422 ceterorum
607 3366 734 3434 Grotius,
752 3366 871 3421 aliorum
888 3368 928 3424 ed.
947 3367 998 3422 Bi·

17 3442 110 3506 rootiuo',
127 3439 253 3510 priorum
271 3440 353 3495 Noitc
375 3442 379 3508 Ι
402 3438 503 3507 quibus
522 3454 545 3493 e.
565 3454 587 3492 c.
607 3437 729 3492 solerent
746 3439 947 3508 supplevimus!
966 3443 998 3493 15

17 3503 184 3566 lomitienum
202 3510 250 3578 ΒΙ
274 3516 307 3565 19
327 3508 446 3565 eliorum
463 3509 526 3579 ipse
544 3507 637 3578 glorio
655 3507 774 3578 Madvig
793 3509 798 3578 Ι
818 3507 894 3575 42,1
914 3507 998 3563 Asioe

974 3703 1232 4022 ,ί
