2474 4068
217 155 282 218 248
567 151 735 207 CORNELII
753 151 870 206 Tucim

217 299 347 362 consiliis
362 299 513 379 ductuque
529 298 650 360 alterius
665 297 835 379 agebantur,
849 316 883 358 ao
898 315 1011 359 summa
1025 316 1127 359 rerum
1140 309 1190 359 etr

217 391 364 467 ciperatae
379 389 548 466 provinciae
563 386 655 465 gloria
670 389 700 446 in
715 387 820 446 ducem
836 388 935 466 cessit,
949 393 1046 447 artem
1057 394 1085 448 et
1095 405 1181 448 usum
1195 430 1198 433 -

218 476 353 536 stimulos
372 475 511 536 addidere
530 477 643 554 iuveni,
662 475 841 552 intravitque
861 476 990 535 animum
1009 473 1147 535 militaris
1163 476 1187 552 gl

179 585 204 626 ιι
218 566 279 624 riae
295 563 412 643 cupido,
427 565 540 640 ingrata
554 560 747 642 temporibus,
763 561 870 640 quibus
885 564 1006 622 sinistra
1015 579 1083 640 erga
1093 566 1201 623 emine

217 661 263 713 tes
281 653 487 729 interpretatio
506 667 562 711 nec
580 651 679 710 minus
697 650 863 728 periculum
877 667 913 710 ex
926 666 1032 727 magna
1046 650 1121 710 lama
1137 668 1183 728 qu

217 757 253 800 ex
268 738 352 799 mala.

284 823 312 886 6.
336 824 412 886 Hinc
431 825 466 885 ad
486 825 683 904 capessendos
702 827 890 904 magistratus
907 825 938 885 in
952 824 1057 886 urbem
1071 825 1198 903 digress

217 913 374 974 Domitiam
388 913 585 994 Decidianam,
601 913 762 993 splendidis
773 913 1033 994 natalibusortam,
1047 912 1105 973 sibi
1115 915 1204 973 iunxi

217 1001 307 1080 idque
326 1003 546 1063 matrimonium
572 1001 607 1062 ad
628 1003 737 1062 maiora
756 1003 863 1063 nitenti
886 1001 976 1062 decus
995 1019 1030 1061 ac
1048 999 1142 1060 robur
1158 1001 1171 1060 l
1194 1028 1204 1053 ι

217 1091 414 1168 vixeruntque
429 1091 503 1151 mira
522 1090 690 1170 concordia,
708 1106 763 1167 per
780 1097 913 1150 mutuam
928 1091 1080 1149 caritatem
1094 1097 1126 1149 et
1139 1091 1168 1148 in
1201 1130 1204 1139 -

190 1195 283 1239 soem
302 1196 334 1238 se
358 1177 577 1257 anteponendo,
596 1179 655 1238 uisi
674 1176 752 1256 quod
771 1179 802 1237 in
820 1176 896 1237 bona
918 1194 1011 1237 uxore
1029 1184 1113 1236 tanto
1132 1179 1195 1236 mai

217 1265 294 1345 laus,
314 1273 423 1344 quanto
443 1268 474 1325 in
493 1265 567 1325 mala
585 1265 652 1344 plus
670 1265 774 1342 culpae
788 1272 842 1325 est.
875 1281 940 1324 sors
959 1273 1138 1343 quaesturae
1155 1283 1196 1342 pr

217 1355 342 1413 vinciam
357 1353 464 1432 Asiam,
478 1370 532 1431 pro
547 1351 667 1413 consule
683 1352 812 1413 Salvium
826 1351 975 1413 Titianum
990 1352 1081 1431 dedit,
1098 1370 1171 1431 quor

218 1447 324 1500 neutro
339 1449 499 1517 corruptus
512 1447 566 1520 est,
582 1457 758 1519 quamquam
773 1449 803 1500 et
817 1441 967 1518 provincia
981 1440 1062 1501 dives
1077 1457 1112 1500 ac
1124 1458 1200 1518 para

218 1526 419 1607 peccantibuS,
429 1535 459 1588 et
471 1546 527 1607 pro
537 1526 658 1588 consule
668 1531 824 1588 inomuem
834 1527 1002 1588 aviditatem
1012 1545 1197 1608 pronusque

180 1637 205 1676 ro
219 1614 321 1676 talibet
339 1615 478 1676 facilitate
496 1615 705 1694 redempturus
721 1624 800 1676 esset
813 1622 946 1676 mutuam
961 1614 1199 1676 dissimulatione

219 1704 295 1764 mali.
337 1711 441 1765 auctus
461 1711 506 1764 est
524 1703 565 1764 ibi
585 1703 656 1783 filia,
679 1706 710 1763 in
730 1703 894 1764 subsidium
913 1702 1001 1764 simul
1020 1710 1051 1763 et
1069 1702 1161 1764 solaci
1186 1730 1211 1757 ι.

218 1809 284 1852 nam
304 1791 397 1852 lilium
416 1798 483 1852 ante
503 1790 651 1852 sublatum
670 1790 753 1851 brevi
771 1793 877 1850 amisit.
903 1808 970 1851 mox
989 1793 1068 1850 inter
1087 1799 1189 1869 quaest

218 1898 280 1939 ram
300 1898 334 1940 ac
352 1879 536 1941 tribunatum
554 1879 649 1958 plebis
668 1887 755 1957 atque
774 1881 872 1956 ipsum
888 1880 975 1938 etiam
990 1877 1161 1939 tribunatus
1175 1898 1198 1938 ιι

200 1977 202 1984 '
218 1985 289 2027 num
309 1969 408 2045 quiete
427 1976 457 2027 et
475 1969 535 2026 otio
556 1968 686 2046 transiit,
709 1983 819 2044 gnarus
838 1966 893 2027 sub
912 1965 1028 2027 Nerone
1047 1973 1164 2045 tempor
1190 1991 1200 2019 r

113 2063 116 2068 '
181 2074 205 2116 u
220 2053 458 2132 quibusinertia
482 2071 535 2132 pro
562 2056 694 2132 sapienta
713 2055 777 2115 luit.
814 2053 892 2114 idem
914 2061 1071 2133 praeturae
1090 2063 1201 2115 tenor-1

219 2140 383 2220 silentium3
406 2158 461 2200 nec
485 2143 563 2201 enim
587 2141 752 2202 iurisdictio
777 2141 943 2202 obvenerat.
975 2141 1060 2203 ludos
1079 2149 1109 2202 et
1127 2143 1212 2202 inania

218 2228 339 2288 honoris
354 2227 450 2288 medio
470 2230 592 2288 rationis
611 2235 699 2307 atque
717 2229 913 2290 abundantiae
932 2230 1024 2309 duxit,
1043 2231 1087 2291 uti
1104 2229 1187 2307 longe
1202 2245 1223 2285 ιι

219 2316 349 2396 luxuria,
375 2317 416 2376 ita
435 2315 527 2376 lamae
550 2318 680 2395 propior.
721 2323 784 2377 tum
809 2316 921 2378 electus
945 2335 962 2377 a
985 2317 1074 2378 Galba
1092 2317 1129 2377 ad
1150 2317 1223 2377 dona

218 2404 397 2483 templorum
407 2404 643 2483 recognoscenda
654 2403 878 2482 diligentissima
892 2407 1108 2483 conquisitione
1119 2406 1213 2480 elicuit,

180 2515 206 2556 ro
220 2510 257 2553 ne
272 2496 357 2554 cuius
372 2493 495 2554 alterius
514 2492 701 2571 sacrilegium
720 2511 769 2552 res
783 2491 901 2570 publica
916 2510 1004 2572 quam
1017 2492 1145 2553 Neronis
1160 2509 1213 2553 sen·

220 2583 318 2640 sisset.

288 2666 316 2727 7.
331 2667 465 2747 Sequens
479 2686 575 2729 annus
590 2669 672 2746 gravi
685 2667 808 2728 vulnere
821 2669 951 2728 animum
965 2668 1146 2748 domumque
1162 2670 1213 2728 eius

220 2753 340 2814 adllixit.
378 2773 445 2815 nam
469 2756 571 2815 classis
590 2754 755 2815 Othoniana
778 2754 903 2816 licenter
925 2773 996 2834 vaga
1020 2755 1091 2816 dum
1113 2756 1214 2816 lntimi·

220 2840 291 2902 lium
303 2836 455 2924 (Liguriae
469 2859 538 2921 pars
554 2836 613 2924 est)
626 2841 773 2903 hostiliter
786 2843 953 2925 populatur,
967 2851 1092 2904 matrem
1106 2843 1215 2924 Agrico·

291 3046 317 3114 u,
334 3052 347 3100 1
368 3044 510 3116 digressus
528 3046 556 3100 Α
574 3062 642 3105 corr.
663 3052 679 3102 1
698 3063 731 3101 m.
751 3064 785 3102 ec
803 3046 950 3116 degressus
965 3047 970 3113 Ι
986 3051 1003 3102 5
1022 3046 1217 3118 appetendoll

223 3117 260 3188 18
278 3123 303 3172 et
324 3123 354 3171 itt
374 3133 406 3170 ac
425 3118 465 3171 A:
485 3119 514 3172 ei
531 3117 559 3171 B
579 3120 582 3184 Ι
605 3122 638 3172 10
656 3115 793 3189 felicitate
811 3117 839 3171 B
860 3121 864 3185 Ι
887 3123 919 3172 14
939 3117 1042 3186 quistis
1060 3120 1088 3174 B
1104 3122 1109 3188 Ι
1125 3117 1217 3173 mansit

220 3189 247 3242 A
270 3190 275 3256 Ι
299 3193 331 3241 15
350 3188 431 3242 tenor
449 3187 613 3244 Rhenanus:
632 3187 734 3242 certior
752 3187 859 3255 (otium,
877 3187 1005 3258 languor,
1024 3191 1122 3260 torpor
1139 3187 1216 3258 alisii

222 3263 254 3310 11
273 3256 366 3311 medio
390 3257 506 3312 rationis
525 3257 661 3326 (luxuriae
679 3258 799 3327 B)AB:
818 3257 912 3312 media
925 3262 977 3315 ret.
988 3259 1216 3328 Holmon-Peerl-

221 3328 316 3395 lcamp,
334 3327 418 3382 modo
436 3344 458 3382 r.
479 3329 661 3395 Puteolanus,
689 3327 892 3382 moderationis
911 3329 1027 3398 Lipsius
1050 3330 1055 3398 l
1082 3335 1115 3385 19
1135 3327 1218 3384 effecit

222 3397 367 3452 Heinsius:
386 3396 454 3451 fecii
469 3399 474 3466 Ι
492 3398 542 3464 m
562 3397 727 3452 intimilium
743 3400 894 3453 Mommsen
910 3399 938 3454 0.
950 3400 976 3453 I.
987 3399 1022 3455 L.
1044 3399 1108 3467 V,2
1121 3418 1150 3470 p.
1160 3405 1219 3457 900:

222 3465 374 3534 intemplo
393 3465 581 3536 (Intemelium
604 3467 728 3538 Ursinus,
748 3467 908 3523 Intemelios
926 3469 1050 3540 Lipsius)
