<?xml version="1.0" encoding="UTF-8"?>
<!DOCTYPE html PUBLIC "-//W3C//DTD XHTML 1.0 Transitional//EN"
    "http://www.w3.org/TR/xhtml1/DTD/xhtml1-transitional.dtd">
<html xmlns="http://www.w3.org/1999/xhtml" xml:lang="en" lang="en">
 <head>
  <title>
</title>
<meta http-equiv="Content-Type" content="text/html;charset=utf-8" />
  <meta name='ocr-system' content='tesseract 3.04.00' />
  <meta name='ocr-capabilities' content='ocr_page ocr_carea ocr_par ocr_line ocrx_word'/>
</head>
<body>
  <div class='ocr_page' id='page_1' title='image "./germaniaagricol03tacigoog_0055.png"; bbox 0 0 2474 4068; ppageno 0'>
   <div class='ocr_carea' id='block_1_1' title="bbox 221 189 877 256">
    <p class='ocr_par' dir='ltr' id='par_1_1' title="bbox 221 189 877 256">
     <span class='ocr_line' id='line_1_1' title="bbox 221 189 877 256; baseline 0.002 -13"><span class='ocrx_word' id='word_1_1' title='bbox 221 191 286 256; x_wconf 85' lang='lat'>268</span> <span class='ocrx_word' id='word_1_2' title='bbox 571 189 877 246; x_wconf 74' lang='lat' dir='ltr'>consummem</span> 
     </span>
    </p>
   </div>
   <div class='ocr_carea' id='block_1_2' title="bbox 121 337 1236 2522">
    <p class='ocr_par' dir='ltr' id='par_1_2' title="bbox 121 337 1236 2522">
     <span class='ocr_line' id='line_1_2' title="bbox 221 337 1234 416; baseline 0.001 -17"><span class='ocrx_word' id='word_1_3' title='bbox 221 356 278 415; x_wconf 93' lang='lat' dir='ltr'>que</span> <span class='ocrx_word' id='word_1_4' title='bbox 293 337 430 400; x_wconf 85' lang='lat' dir='ltr'>caedere:</span> <span class='ocrx_word' id='word_1_5' title='bbox 449 355 483 397; x_wconf 90' lang='lat' dir='ltr'>ac</span> <span class='ocrx_word' id='word_1_6' title='bbox 502 337 638 416; x_wconf 81' lang='lat' dir='ltr'><strong>plerique</strong></span> <span class='ocrx_word' id='word_1_7' title='bbox 657 338 820 397; x_wconf 83' lang='lat' dir='ltr'>semineces</span> <span class='ocrx_word' id='word_1_8' title='bbox 840 346 891 398; x_wconf 89' lang='lat' dir='ltr'>aut</span> <span class='ocrx_word' id='word_1_9' title='bbox 909 338 1020 416; x_wconf 81' lang='lat' dir='ltr'>integri</span> <span class='ocrx_word' id='word_1_10' title='bbox 1038 338 1234 400; x_wconf 62' lang='lat' dir='ltr'>festinationi</span> 
     </span>
     <span class='ocr_line' id='line_1_3' title="bbox 220 424 1235 506; baseline 0.005 -22"><span class='ocrx_word' id='word_1_11' title='bbox 220 427 360 487; x_wconf 87' lang='lat' dir='ltr'>victoriae</span> <span class='ocrx_word' id='word_1_12' title='bbox 375 424 628 504; x_wconf 84' lang='lat' dir='ltr'>relinquebantur.</span> <span class='ocrx_word' id='word_1_13' title='bbox 651 425 772 485; x_wconf 89' lang='lat' dir='ltr'>interim</span> <span class='ocrx_word' id='word_1_14' title='bbox 786 427 920 503; x_wconf 88' lang='lat' dir='ltr'>equiturn</span> <span class='ocrx_word' id='word_1_15' title='bbox 934 431 1058 506; x_wconf 84' lang='lat' dir='ltr'>turmae,</span> <span class='ocrx_word' id='word_1_16' title='bbox 1079 435 1116 488; x_wconf 84' lang='lat' dir='ltr'>ut</span> <span class='ocrx_word' id='word_1_17' title='bbox 1131 428 1235 506; x_wconf 86' lang='lat' dir='ltr'>fuger</span> 
     </span>
     <span class='ocr_line' id='line_1_4' title="bbox 181 510 1221 594; baseline 0 -18"><span class='ocrx_word' id='word_1_18' title='bbox 181 537 207 578; x_wconf 81' lang='grc' dir='ltr'>ιι</span> <span class='ocrx_word' id='word_1_19' title='bbox 221 515 392 594; x_wconf 82' lang='lat' dir='ltr'>covinnarii,</span> <span class='ocrx_word' id='word_1_20' title='bbox 419 513 553 591; x_wconf 91' lang='lat' dir='ltr'>peditum</span> <span class='ocrx_word' id='word_1_21' title='bbox 573 530 604 572; x_wconf 91' lang='lat' dir='ltr'>se</span> <span class='ocrx_word' id='word_1_22' title='bbox 623 510 735 591; x_wconf 91' lang='lat' dir='ltr'>proelio</span> <span class='ocrx_word' id='word_1_23' title='bbox 750 513 906 573; x_wconf 88' lang='lat' dir='ltr'>miscuere.</span> <span class='ocrx_word' id='word_1_24' title='bbox 941 522 971 573; x_wconf 89' lang='lat' dir='ltr'>et</span> <span class='ocrx_word' id='word_1_25' title='bbox 985 532 1177 593; x_wconf 90' lang='lat' dir='ltr'>quamquam</span> <span class='ocrx_word' id='word_1_26' title='bbox 1196 535 1221 575; x_wconf 90' lang='lat' dir='ltr'>r·</span> 
     </span>
     <span class='ocr_line' id='line_1_5' title="bbox 222 599 1233 680; baseline -0.007 -16"><span class='ocrx_word' id='word_1_27' title='bbox 222 608 337 664; x_wconf 91' lang='lat' dir='ltr'>centem</span> <span class='ocrx_word' id='word_1_28' title='bbox 351 609 499 660; x_wconf 90' lang='lat' dir='ltr'>terrorem</span> <span class='ocrx_word' id='word_1_29' title='bbox 512 599 682 680; x_wconf 85' lang='lat' dir='ltr'>intulerant,</span> <span class='ocrx_word' id='word_1_30' title='bbox 697 599 796 660; x_wconf 89' lang='lat' dir='ltr'>densis</span> <span class='ocrx_word' id='word_1_31' title='bbox 806 608 904 660; x_wconf 89' lang='lat' dir='ltr'>tamen</span> <span class='ocrx_word' id='word_1_32' title='bbox 914 600 1046 662; x_wconf 89' lang='lat' dir='ltr'>bostium</span> <span class='ocrx_word' id='word_1_33' title='bbox 1060 603 1205 680; x_wconf 89' lang='lat' dir='ltr'>agminib</span> <span class='ocrx_word' id='word_1_34' title='bbox 1214 627 1233 657; x_wconf 68' lang='lat' dir='ltr'>r⁴</span> 
     </span>
     <span class='ocr_line' id='line_1_6' title="bbox 221 686 1233 768; baseline 0.002 -18"><span class='ocrx_word' id='word_1_35' title='bbox 221 697 252 750; x_wconf 93' lang='lat' dir='ltr'>et</span> <span class='ocrx_word' id='word_1_36' title='bbox 274 687 476 766; x_wconf 90' lang='lat' dir='ltr'>inaequalibus</span> <span class='ocrx_word' id='word_1_37' title='bbox 499 687 573 747; x_wconf 88' lang='lat' dir='ltr'>locis</span> <span class='ocrx_word' id='word_1_38' title='bbox 598 686 772 767; x_wconf 82' lang='lat' dir='ltr'>haerebant3</span> <span class='ocrx_word' id='word_1_39' title='bbox 795 689 976 767; x_wconf 87' lang='lat' dir='ltr'>minimeque</span> <span class='ocrx_word' id='word_1_40' title='bbox 999 708 1095 768; x_wconf 91' lang='lat' dir='ltr'>aequa</span> <span class='ocrx_word' id='word_1_41' title='bbox 1121 695 1233 752; x_wconf 88' lang='lat' dir='ltr'>nostr&#39;</span> 
     </span>
     <span class='ocr_line' id='line_1_7' title="bbox 183 775 1223 858; baseline -0.002 -22"><span class='ocrx_word' id='word_1_42' title='bbox 183 813 188 826; x_wconf 57' lang='grc' dir='ltr'>ι</span> <span class='ocrx_word' id='word_1_43' title='bbox 219 778 277 836; x_wconf 89' lang='lat' dir='ltr'>iam</span> <span class='ocrx_word' id='word_1_44' title='bbox 291 793 407 855; x_wconf 80' lang='lat' dir='ltr'>pugnae</span> <span class='ocrx_word' id='word_1_45' title='bbox 422 775 511 835; x_wconf 87' lang='lat' dir='ltr'>iacies</span> <span class='ocrx_word' id='word_1_46' title='bbox 526 783 598 855; x_wconf 89' lang='lat' dir='ltr'>erat,</span> <span class='ocrx_word' id='word_1_47' title='bbox 612 793 681 834; x_wconf 91' lang='lat' dir='ltr'>cum</span> <span class='ocrx_word' id='word_1_48' title='bbox 694 792 781 852; x_wconf 80' lang='lat' dir='ltr'>aegre</span> <span class='ocrx_word' id='word_1_49' title='bbox 795 775 870 835; x_wconf 85' lang='lat' dir='ltr'>clivo</span> <span class='ocrx_word' id='word_1_50' title='bbox 885 778 1029 838; x_wconf 92' lang='lat' dir='ltr'>instantes</span> <span class='ocrx_word' id='word_1_51' title='bbox 1039 778 1136 839; x_wconf 92' lang='lat' dir='ltr'>simul</span> <span class='ocrx_word' id='word_1_52' title='bbox 1148 799 1223 858; x_wconf 90' lang='lat' dir='ltr'>equ</span> 
     </span>
     <span class='ocr_line' id='line_1_8' title="bbox 220 862 1228 948; baseline 0.006 -26"><span class='ocrx_word' id='word_1_53' title='bbox 220 881 287 923; x_wconf 90' lang='lat' dir='ltr'>rum</span> <span class='ocrx_word' id='word_1_54' title='bbox 302 862 477 941; x_wconf 89' lang='lat' dir='ltr'>corporibus</span> <span class='ocrx_word' id='word_1_55' title='bbox 490 862 728 942; x_wconf 82' lang='lat' dir='ltr'>impellerentur3</span> <span class='ocrx_word' id='word_1_56' title='bbox 756 880 790 923; x_wconf 90' lang='lat' dir='ltr'>ac</span> <span class='ocrx_word' id='word_1_57' title='bbox 810 881 898 943; x_wconf 87' lang='lat' dir='ltr'>saepe</span> <span class='ocrx_word' id='word_1_58' title='bbox 912 867 979 942; x_wconf 82' lang='lat' dir='ltr'>vagi</span> <span class='ocrx_word' id='word_1_59' title='bbox 993 884 1103 926; x_wconf 91' lang='lat' dir='ltr'>currus</span> <span class='ocrx_word' id='word_1_60' title='bbox 1108 913 1118 948; x_wconf 86' lang='lat'><em>,</em></span> <span class='ocrx_word' id='word_1_61' title='bbox 1140 876 1228 928; x_wconf 86' lang='lat' dir='ltr'>exter</span> 
     </span>
     <span class='ocr_line' id='line_1_9' title="bbox 180 950 1227 1036; baseline 0 -21"><span class='ocrx_word' id='word_1_62' title='bbox 180 953 272 1015; x_wconf 84' lang='lat' dir='ltr'>soriti</span> <span class='ocrx_word' id='word_1_63' title='bbox 286 953 350 1010; x_wconf 91' lang='lat' dir='ltr'>sine</span> <span class='ocrx_word' id='word_1_64' title='bbox 365 950 532 1011; x_wconf 89' lang='lat' dir='ltr'>rectoribus</span> <span class='ocrx_word' id='word_1_65' title='bbox 547 952 628 1030; x_wconf 86' lang='lat' dir='ltr'>equi,</span> <span class='ocrx_word' id='word_1_66' title='bbox 647 959 680 1011; x_wconf 91' lang='lat' dir='ltr'>ut</span> <span class='ocrx_word' id='word_1_67' title='bbox 695 969 841 1029; x_wconf 91' lang='lat' dir='ltr'>quemque</span> <span class='ocrx_word' id='word_1_68' title='bbox 856 951 982 1012; x_wconf 80' lang='lat' dir='ltr'>formido</span> <span class='ocrx_word' id='word_1_69' title='bbox 997 953 1118 1036; x_wconf 76' lang='lat' dir='ltr'>tulerat,</span> <span class='ocrx_word' id='word_1_70' title='bbox 1140 963 1227 1015; x_wconf 84' lang='lat' dir='ltr'>trans</span> 
     </span>
     <span class='ocr_line' id='line_1_10' title="bbox 220 1037 717 1099; baseline 0.002 -1"><span class='ocrx_word' id='word_1_71' title='bbox 220 1057 322 1099; x_wconf 84' lang='lat' dir='ltr'>versos</span> <span class='ocrx_word' id='word_1_72' title='bbox 336 1045 387 1099; x_wconf 92' lang='lat' dir='ltr'>aut</span> <span class='ocrx_word' id='word_1_73' title='bbox 402 1038 503 1099; x_wconf 91' lang='lat' dir='ltr'>obvios</span> <span class='ocrx_word' id='word_1_74' title='bbox 517 1037 717 1099; x_wconf 86' lang='lat' dir='ltr'>incursabant.</span> 
     </span>
     <span class='ocr_line' id='line_1_11' title="bbox 287 1124 1216 1207; baseline 0.001 -19"><span class='ocrx_word' id='word_1_75' title='bbox 287 1124 338 1188; x_wconf 78' lang='lat'>37.</span> <span class='ocrx_word' id='word_1_76' title='bbox 361 1125 400 1187; x_wconf 89' lang='lat' dir='ltr'>Et</span> <span class='ocrx_word' id='word_1_77' title='bbox 417 1126 559 1207; x_wconf 78' lang='lat' dir='ltr'>Britanni,</span> <span class='ocrx_word' id='word_1_78' title='bbox 578 1128 630 1204; x_wconf 90' lang='lat' dir='ltr'>qui</span> <span class='ocrx_word' id='word_1_79' title='bbox 647 1125 743 1186; x_wconf 91' lang='lat' dir='ltr'>adbuc</span> <span class='ocrx_word' id='word_1_80' title='bbox 757 1144 872 1205; x_wconf 88' lang='lat' dir='ltr'>pugnae</span> <span class='ocrx_word' id='word_1_81' title='bbox 887 1135 1025 1206; x_wconf 89' lang='lat' dir='ltr'>expertes</span> <span class='ocrx_word' id='word_1_82' title='bbox 1039 1147 1166 1190; x_wconf 90' lang='lat' dir='ltr'>summa</span> <span class='ocrx_word' id='word_1_83' title='bbox 1182 1149 1216 1191; x_wconf 90' lang='lat' dir='ltr'>co</span> 
     </span>
     <span class='ocr_line' id='line_1_12' title="bbox 220 1214 1236 1294; baseline -0.002 -19"><span class='ocrx_word' id='word_1_84' title='bbox 220 1215 294 1275; x_wconf 92' lang='lat' dir='ltr'>lium</span> <span class='ocrx_word' id='word_1_85' title='bbox 312 1214 482 1278; x_wconf 89' lang='lat' dir='ltr'>insederant</span> <span class='ocrx_word' id='word_1_86' title='bbox 500 1222 529 1274; x_wconf 89' lang='lat' dir='ltr'>et</span> <span class='ocrx_word' id='word_1_87' title='bbox 547 1216 726 1293; x_wconf 86' lang='lat' dir='ltr'>paucitatem</span> <span class='ocrx_word' id='word_1_88' title='bbox 745 1221 917 1275; x_wconf 88' lang='lat' dir='ltr'>nostrorum</span> <span class='ocrx_word' id='word_1_89' title='bbox 935 1218 1020 1276; x_wconf 90' lang='lat' dir='ltr'>vacui</span> <span class='ocrx_word' id='word_1_90' title='bbox 1039 1217 1216 1294; x_wconf 90' lang='lat' dir='ltr'>sperneban</span> <span class='ocrx_word' id='word_1_91' title='bbox 1235 1270 1236 1273; x_wconf 74' lang='grc'>,</span> 
     </span>
     <span class='ocr_line' id='line_1_13' title="bbox 221 1302 1236 1385; baseline 0.004 -23"><span class='ocrx_word' id='word_1_92' title='bbox 221 1302 343 1380; x_wconf 89' lang='lat' dir='ltr'>degredi</span> <span class='ocrx_word' id='word_1_93' title='bbox 355 1302 496 1380; x_wconf 90' lang='lat' dir='ltr'>paulatim</span> <span class='ocrx_word' id='word_1_94' title='bbox 510 1309 540 1362; x_wconf 88' lang='lat' dir='ltr'>et</span> <span class='ocrx_word' id='word_1_95' title='bbox 554 1303 712 1362; x_wconf 89' lang='lat' dir='ltr'>circumire</span> <span class='ocrx_word' id='word_1_96' title='bbox 727 1308 809 1380; x_wconf 88' lang='lat' dir='ltr'>terga</span> <span class='ocrx_word' id='word_1_97' title='bbox 823 1303 1004 1363; x_wconf 89' lang='lat' dir='ltr'>vincentium</span> <span class='ocrx_word' id='word_1_98' title='bbox 1018 1315 1200 1385; x_wconf 84' lang='lat' dir='ltr'>coeperant,</span> <span class='ocrx_word' id='word_1_99' title='bbox 1210 1307 1236 1365; x_wconf 88' lang='lat' dir='ltr'>n&#39;</span> 
     </span>
     <span class='ocr_line' id='line_1_14' title="bbox 121 1388 1230 1471; baseline 0.005 -22"><span class='ocrx_word' id='word_1_100' title='bbox 121 1433 124 1442; x_wconf 60' lang='grc'><strong>«</strong></span> <span class='ocrx_word' id='word_1_101' title='bbox 220 1389 249 1449; x_wconf 95' lang='lat' dir='ltr'>id</span> <span class='ocrx_word' id='word_1_102' title='bbox 269 1391 367 1467; x_wconf 89' lang='lat' dir='ltr'>ipsum</span> <span class='ocrx_word' id='word_1_103' title='bbox 386 1391 497 1449; x_wconf 89' lang='lat' dir='ltr'>veritus</span> <span class='ocrx_word' id='word_1_104' title='bbox 516 1388 651 1465; x_wconf 79' lang='lat' dir='ltr'>Agricola</span> <span class='ocrx_word' id='word_1_105' title='bbox 670 1398 810 1467; x_wconf 90' lang='lat' dir='ltr'>quattuor</span> <span class='ocrx_word' id='word_1_106' title='bbox 833 1392 967 1468; x_wconf 92' lang='lat' dir='ltr'>equitum</span> <span class='ocrx_word' id='word_1_107' title='bbox 981 1391 1053 1471; x_wconf 88' lang='lat' dir='ltr'>alas,</span> <span class='ocrx_word' id='word_1_108' title='bbox 1078 1393 1118 1453; x_wconf 90' lang='lat' dir='ltr'>ad</span> <span class='ocrx_word' id='word_1_109' title='bbox 1136 1393 1230 1454; x_wconf 39' lang='lat' dir='ltr'>subis</span> 
     </span>
     <span class='ocr_line' id='line_1_15' title="bbox 193 1474 1230 1558; baseline 0.004 -20"><span class='ocrx_word' id='word_1_110' title='bbox 193 1474 289 1539; x_wconf 84' lang='lat' dir='ltr'>abelli</span> <span class='ocrx_word' id='word_1_111' title='bbox 307 1483 451 1556; x_wconf 89' lang='lat' dir='ltr'>retentas,</span> <span class='ocrx_word' id='word_1_112' title='bbox 475 1475 661 1536; x_wconf 87' lang='lat' dir='ltr'>venientibus</span> <span class='ocrx_word' id='word_1_113' title='bbox 680 1479 880 1558; x_wconf 86' lang='lat' dir='ltr'>opposuisset,</span> <span class='ocrx_word' id='word_1_114' title='bbox 908 1488 1078 1558; x_wconf 89' lang='lat' dir='ltr'>quantoque</span> <span class='ocrx_word' id='word_1_115' title='bbox 1100 1480 1230 1542; x_wconf 84' lang='lat' dir='ltr'>ferociu</span> 
     </span>
     <span class='ocr_line' id='line_1_16' title="bbox 220 1563 1230 1648; baseline 0.007 -24"><span class='ocrx_word' id='word_1_116' title='bbox 220 1563 466 1643; x_wconf 87' lang='lat' dir='ltr'>adcucurrerant,</span> <span class='ocrx_word' id='word_1_117' title='bbox 488 1570 570 1624; x_wconf 92' lang='lat' dir='ltr'>tanto</span> <span class='ocrx_word' id='word_1_118' title='bbox 589 1566 687 1648; x_wconf 29' lang='lat' dir='ltr'>acri-ns</span> <span class='ocrx_word' id='word_1_119' title='bbox 705 1564 807 1642; x_wconf 89' lang='lat' dir='ltr'>pulsos</span> <span class='ocrx_word' id='word_1_120' title='bbox 826 1567 856 1625; x_wconf 91' lang='lat' dir='ltr'>in</span> <span class='ocrx_word' id='word_1_121' title='bbox 871 1565 969 1644; x_wconf 87' lang='lat' dir='ltr'>fugam</span> <span class='ocrx_word' id='word_1_122' title='bbox 983 1566 1169 1630; x_wconf 89' lang='lat' dir='ltr'>disiecisset.</span> <span class='ocrx_word' id='word_1_123' title='bbox 1200 1573 1211 1630; x_wconf 92' lang='lat' dir='ltr'>i</span> <span class='ocrx_word' id='word_1_124' title='bbox 1228 1614 1230 1619; x_wconf 69' lang='lat'>,</span> 
     </span>
     <span class='ocr_line' id='line_1_17' title="bbox 220 1650 1226 1736; baseline 0.004 -23"><span class='ocrx_word' id='word_1_125' title='bbox 220 1651 376 1713; x_wconf 89' lang='lat' dir='ltr'>consilium</span> <span class='ocrx_word' id='word_1_126' title='bbox 385 1650 634 1713; x_wconf 89' lang='lat' dir='ltr'>Britannorumin</span> <span class='ocrx_word' id='word_1_127' title='bbox 648 1654 727 1731; x_wconf 91' lang='lat' dir='ltr'>ipsos</span> <span class='ocrx_word' id='word_1_128' title='bbox 742 1670 872 1734; x_wconf 86' lang='lat' dir='ltr'>versum,</span> <span class='ocrx_word' id='word_1_129' title='bbox 885 1660 1133 1734; x_wconf 84' lang='lat' dir='ltr'>transvectaeque</span> <span class='ocrx_word' id='word_1_130' title='bbox 1150 1676 1226 1736; x_wconf 89' lang='lat' dir='ltr'>prae</span> 
     </span>
     <span class='ocr_line' id='line_1_18' title="bbox 220 1739 1231 1819; baseline 0 -19"><span class='ocrx_word' id='word_1_131' title='bbox 220 1748 306 1819; x_wconf 89' lang='lat' dir='ltr'>cepto</span> <span class='ocrx_word' id='word_1_132' title='bbox 321 1740 406 1801; x_wconf 90' lang='lat' dir='ltr'>ducis</span> <span class='ocrx_word' id='word_1_133' title='bbox 420 1759 436 1800; x_wconf 92' lang='lat' dir='ltr'>a</span> <span class='ocrx_word' id='word_1_134' title='bbox 451 1739 547 1801; x_wconf 87' lang='lat' dir='ltr'>fronte</span> <span class='ocrx_word' id='word_1_135' title='bbox 561 1743 756 1819; x_wconf 90' lang='lat' dir='ltr'>pugnantium</span> <span class='ocrx_word' id='word_1_136' title='bbox 770 1740 831 1801; x_wconf 88' lang='lat' dir='ltr'>alae</span> <span class='ocrx_word' id='word_1_137' title='bbox 842 1759 974 1802; x_wconf 87' lang='lat' dir='ltr'>aversam</span> <span class='ocrx_word' id='word_1_138' title='bbox 987 1743 1122 1804; x_wconf 90' lang='lat' dir='ltr'>bostium</span> <span class='ocrx_word' id='word_1_139' title='bbox 1139 1749 1231 1806; x_wconf 77' lang='lat' dir='ltr'>acie.</span> 
     </span>
     <span class='ocr_line' id='line_1_19' title="bbox 220 1827 1226 1910; baseline 0.007 -23"><span class='ocrx_word' id='word_1_140' title='bbox 220 1830 363 1889; x_wconf 83' lang='lat' dir='ltr'>invasere.</span> <span class='ocrx_word' id='word_1_141' title='bbox 395 1836 459 1889; x_wconf 91' lang='lat' dir='ltr'>tum</span> <span class='ocrx_word' id='word_1_142' title='bbox 478 1846 547 1888; x_wconf 91' lang='lat' dir='ltr'>vero</span> <span class='ocrx_word' id='word_1_143' title='bbox 567 1827 737 1906; x_wconf 89' lang='lat' dir='ltr'>patentibus</span> <span class='ocrx_word' id='word_1_144' title='bbox 754 1827 828 1888; x_wconf 92' lang='lat' dir='ltr'>locis</span> <span class='ocrx_word' id='word_1_145' title='bbox 846 1829 957 1906; x_wconf 86' lang='lat' dir='ltr'>grande</span> <span class='ocrx_word' id='word_1_146' title='bbox 972 1837 1002 1890; x_wconf 85' lang='lat' dir='ltr'>et</span> <span class='ocrx_word' id='word_1_147' title='bbox 1014 1839 1099 1891; x_wconf 83' lang='lat' dir='ltr'>atrox</span> <span class='ocrx_word' id='word_1_148' title='bbox 1115 1843 1226 1910; x_wconf 91' lang='lat' dir='ltr'>specta</span> 
     </span>
     <span class='ocr_line' id='line_1_20' title="bbox 181 1916 1221 1997; baseline 0.003 -19"><span class='ocrx_word' id='word_1_149' title='bbox 181 1940 206 1979; x_wconf 93' lang='lat' dir='ltr'>1o</span> <span class='ocrx_word' id='word_1_150' title='bbox 221 1916 335 1976; x_wconf 90' lang='lat' dir='ltr'>culum:</span> <span class='ocrx_word' id='word_1_151' title='bbox 363 1918 458 1996; x_wconf 87' lang='lat' dir='ltr'>sequi,</span> <span class='ocrx_word' id='word_1_152' title='bbox 476 1916 647 1997; x_wconf 82' lang='lat' dir='ltr'>vulnerare,</span> <span class='ocrx_word' id='word_1_153' title='bbox 666 1934 786 1996; x_wconf 86' lang='lat' dir='ltr'>capere,</span> <span class='ocrx_word' id='word_1_154' title='bbox 805 1923 893 1995; x_wconf 89' lang='lat' dir='ltr'>atque</span> <span class='ocrx_word' id='word_1_155' title='bbox 908 1917 1027 1978; x_wconf 90' lang='lat' dir='ltr'>eosdem</span> <span class='ocrx_word' id='word_1_156' title='bbox 1041 1917 1154 1981; x_wconf 88' lang='lat' dir='ltr'>oblatis</span> <span class='ocrx_word' id='word_1_157' title='bbox 1179 1963 1183 1974; x_wconf 51' lang='lat'><em>1</em></span> <span class='ocrx_word' id='word_1_158' title='bbox 1205 1924 1221 1936; x_wconf 93' lang='lat'>&#39;&#39;</span> 
     </span>
     <span class='ocr_line' id='line_1_21' title="bbox 220 2002 1210 2087; baseline 0.007 -24"><span class='ocrx_word' id='word_1_159' title='bbox 220 2004 379 2064; x_wconf 91' lang='lat' dir='ltr'>trucidare.</span> <span class='ocrx_word' id='word_1_160' title='bbox 410 2006 468 2064; x_wconf 90' lang='lat' dir='ltr'>iam</span> <span class='ocrx_word' id='word_1_161' title='bbox 481 2002 624 2082; x_wconf 85' lang='lat' dir='ltr'>hostium,</span> <span class='ocrx_word' id='word_1_162' title='bbox 642 2011 733 2082; x_wconf 93' lang='lat' dir='ltr'>prout</span> <span class='ocrx_word' id='word_1_163' title='bbox 750 2006 858 2082; x_wconf 89' lang='lat' dir='ltr'>cuique</span> <span class='ocrx_word' id='word_1_164' title='bbox 872 2007 1024 2082; x_wconf 91' lang='lat' dir='ltr'>ingenium</span> <span class='ocrx_word' id='word_1_165' title='bbox 1038 2014 1116 2087; x_wconf 84' lang='lat' dir='ltr'>erat,</span> <span class='ocrx_word' id='word_1_166' title='bbox 1138 2017 1210 2070; x_wconf 86' lang='lat' dir='ltr'>cate</span> 
     </span>
     <span class='ocr_line' id='line_1_22' title="bbox 220 2090 1236 2171; baseline 0.004 -22"><span class='ocrx_word' id='word_1_167' title='bbox 220 2107 272 2150; x_wconf 89' lang='lat' dir='ltr'>vae</span> <span class='ocrx_word' id='word_1_168' title='bbox 287 2098 467 2150; x_wconf 91' lang='lat' dir='ltr'>armatorum</span> <span class='ocrx_word' id='word_1_169' title='bbox 480 2090 670 2168; x_wconf 89' lang='lat' dir='ltr'>paucioribus</span> <span class='ocrx_word' id='word_1_170' title='bbox 684 2099 767 2170; x_wconf 89' lang='lat' dir='ltr'>terga</span> <span class='ocrx_word' id='word_1_171' title='bbox 781 2101 945 2171; x_wconf 87' lang='lat' dir='ltr'>praestare,</span> <span class='ocrx_word' id='word_1_172' title='bbox 965 2093 1084 2171; x_wconf 91' lang='lat' dir='ltr'>quidam</span> <span class='ocrx_word' id='word_1_173' title='bbox 1098 2096 1236 2157; x_wconf 87' lang='lat' dir='ltr'>inerme</span> 
     </span>
     <span class='ocr_line' id='line_1_23' title="bbox 220 2176 1236 2262; baseline 0.009 -26"><span class='ocrx_word' id='word_1_174' title='bbox 220 2176 299 2237; x_wconf 93' lang='lat' dir='ltr'>ultro</span> <span class='ocrx_word' id='word_1_175' title='bbox 317 2194 405 2237; x_wconf 93' lang='lat' dir='ltr'>ruere</span> <span class='ocrx_word' id='word_1_176' title='bbox 425 2195 458 2236; x_wconf 94' lang='lat' dir='ltr'>ac</span> <span class='ocrx_word' id='word_1_177' title='bbox 477 2195 510 2237; x_wconf 91' lang='lat' dir='ltr'>se</span> <span class='ocrx_word' id='word_1_178' title='bbox 528 2180 618 2237; x_wconf 89' lang='lat' dir='ltr'>morti</span> <span class='ocrx_word' id='word_1_179' title='bbox 635 2178 750 2238; x_wconf 84' lang='lat' dir='ltr'>offerre.</span> <span class='ocrx_word' id='word_1_180' title='bbox 786 2181 896 2257; x_wconf 91' lang='lat' dir='ltr'>passim</span> <span class='ocrx_word' id='word_1_181' title='bbox 915 2198 995 2240; x_wconf 90' lang='lat' dir='ltr'>arma</span> <span class='ocrx_word' id='word_1_182' title='bbox 1014 2189 1044 2241; x_wconf 90' lang='lat' dir='ltr'>et</span> <span class='ocrx_word' id='word_1_183' title='bbox 1057 2199 1196 2262; x_wconf 90' lang='lat' dir='ltr'>corpora</span> <span class='ocrx_word' id='word_1_184' title='bbox 1210 2203 1236 2244; x_wconf 84' lang='lat' dir='ltr'>e·</span> 
     </span>
     <span class='ocr_line' id='line_1_24' title="bbox 220 2264 1174 2345; baseline 0.006 -22"><span class='ocrx_word' id='word_1_185' title='bbox 220 2264 311 2324; x_wconf 91' lang='lat' dir='ltr'>laceri</span> <span class='ocrx_word' id='word_1_186' title='bbox 323 2271 406 2324; x_wconf 88' lang='lat' dir='ltr'>artus</span> <span class='ocrx_word' id='word_1_187' title='bbox 421 2271 450 2325; x_wconf 93' lang='lat' dir='ltr'>et</span> <span class='ocrx_word' id='word_1_188' title='bbox 464 2273 588 2325; x_wconf 89' lang='lat' dir='ltr'>cruenta</span> <span class='ocrx_word' id='word_1_189' title='bbox 601 2265 723 2345; x_wconf 85' lang='lat' dir='ltr'>bnmns3</span> <span class='ocrx_word' id='word_1_190' title='bbox 747 2273 776 2326; x_wconf 89' lang='lat' dir='ltr'>et</span> <span class='ocrx_word' id='word_1_191' title='bbox 795 2266 950 2345; x_wconf 84' lang='lat' dir='ltr'>aliquando</span> <span class='ocrx_word' id='word_1_192' title='bbox 970 2271 1058 2328; x_wconf 88' lang='lat' dir='ltr'>etiam</span> <span class='ocrx_word' id='word_1_193' title='bbox 1075 2272 1174 2333; x_wconf 82' lang='lat' dir='ltr'>victis</span> 
     </span>
     <span class='ocr_line' id='line_1_25' title="bbox 181 2352 1226 2439; baseline 0.007 -26"><span class='ocrx_word' id='word_1_194' title='bbox 181 2377 206 2418; x_wconf 80' lang='grc' dir='ltr'>ιι</span> <span class='ocrx_word' id='word_1_195' title='bbox 219 2354 382 2431; x_wconf 85' lang='lat' dir='ltr'>virtusque.</span> <span class='ocrx_word' id='word_1_196' title='bbox 418 2359 574 2431; x_wconf 88' lang='lat' dir='ltr'>postquam</span> <span class='ocrx_word' id='word_1_197' title='bbox 598 2352 679 2413; x_wconf 84' lang='lat' dir='ltr'>silvis</span> <span class='ocrx_word' id='word_1_198' title='bbox 697 2356 1018 2437; x_wconf 79' lang='lat' dir='ltr'>appropinquaverunt,</span> <span class='ocrx_word' id='word_1_199' title='bbox 1040 2353 1157 2436; x_wconf 88' lang='lat' dir='ltr'>†item</span> <span class='ocrx_word' id='word_1_200' title='bbox 1178 2363 1226 2439; x_wconf 91' lang='lat' dir='ltr'>pri</span> 
     </span>
     <span class='ocr_line' id='line_1_26' title="bbox 219 2440 1226 2522; baseline 0.008 -21"><span class='ocrx_word' id='word_1_201' title='bbox 219 2458 284 2501; x_wconf 90' lang='lat' dir='ltr'>mos</span> <span class='ocrx_word' id='word_1_202' title='bbox 303 2442 491 2520; x_wconf 91' lang='lat' dir='ltr'>sequentium</span> <span class='ocrx_word' id='word_1_203' title='bbox 513 2443 647 2502; x_wconf 90' lang='lat' dir='ltr'>incautos</span> <span class='ocrx_word' id='word_1_204' title='bbox 666 2440 782 2502; x_wconf 89' lang='lat' dir='ltr'>collecti</span> <span class='ocrx_word' id='word_1_205' title='bbox 800 2449 830 2502; x_wconf 87' lang='lat' dir='ltr'>et</span> <span class='ocrx_word' id='word_1_206' title='bbox 848 2442 981 2504; x_wconf 91' lang='lat' dir='ltr'>locorum</span> <span class='ocrx_word' id='word_1_207' title='bbox 999 2446 1082 2522; x_wconf 91' lang='lat' dir='ltr'>gnari</span> <span class='ocrx_word' id='word_1_208' title='bbox 1102 2447 1226 2509; x_wconf 89' lang='lat' dir='ltr'>circum</span> 
     </span>
    </p>
   </div>
   <div class='ocr_carea' id='block_1_3' title="bbox 220 2591 1236 3365">
    <p class='ocr_par' dir='ltr' id='par_1_3' title="bbox 220 2591 1236 3365">
     <span class='ocr_line' id='line_1_27' title="bbox 292 2591 1219 2667; baseline 0.003 -18"><span class='ocrx_word' id='word_1_209' title='bbox 292 2592 387 2659; x_wconf 76' lang='grc'>36,14</span> <span class='ocrx_word' id='word_1_210' title='bbox 405 2593 438 2646; x_wconf 87' lang='lat' dir='ltr'>ut</span> <span class='ocrx_word' id='word_1_211' title='bbox 455 2594 518 2647; x_wconf 85' lang='lat' dir='ltr'>add.</span> <span class='ocrx_word' id='word_1_212' title='bbox 537 2593 694 2659; x_wconf 75' lang='lat' dir='ltr'>Diderlein,</span> <span class='ocrx_word' id='word_1_213' title='bbox 711 2591 762 2646; x_wconf 90' lang='lat' dir='ltr'>ubi</span> <span class='ocrx_word' id='word_1_214' title='bbox 780 2594 832 2662; x_wconf 86' lang='lat' dir='ltr'>(uel</span> <span class='ocrx_word' id='word_1_215' title='bbox 849 2592 946 2662; x_wconf 86' lang='lat' dir='ltr'>fugere</span> <span class='ocrx_word' id='word_1_216' title='bbox 966 2593 1051 2665; x_wconf 88' lang='lat' dir='ltr'>enim)</span> <span class='ocrx_word' id='word_1_217' title='bbox 1074 2595 1148 2651; x_wconf 76' lang='lat' dir='ltr'>Wesc</span> <span class='ocrx_word' id='word_1_218' title='bbox 1174 2600 1179 2667; x_wconf 90' lang='grc' dir='ltr'>Ι</span> <span class='ocrx_word' id='word_1_219' title='bbox 1207 2606 1219 2652; x_wconf 91' lang='grc'>1</span> 
     </span>
     <span class='ocr_line' id='line_1_28' title="bbox 221 2662 1226 2748; baseline 0.01 -34"><span class='ocrx_word' id='word_1_220' title='bbox 221 2662 262 2714; x_wconf 89' lang='lat' dir='ltr'>et:</span> <span class='ocrx_word' id='word_1_221' title='bbox 282 2663 327 2714; x_wconf 88' lang='lat' dir='ltr'>set</span> <span class='ocrx_word' id='word_1_222' title='bbox 343 2662 488 2717; x_wconf 81' lang='lat' dir='ltr'>B.Scbnlr</span> <span class='ocrx_word' id='word_1_223' title='bbox 503 2665 508 2732; x_wconf 81' lang='grc' dir='ltr'>Ι</span> <span class='ocrx_word' id='word_1_224' title='bbox 523 2664 649 2716; x_wconf 82' lang='lat' dir='ltr'>recentes</span> <span class='ocrx_word' id='word_1_225' title='bbox 667 2663 695 2716; x_wconf 92' lang='lat' dir='ltr'><strong><em>B</em></strong></span> <span class='ocrx_word' id='word_1_226' title='bbox 711 2665 715 2734; x_wconf 88' lang='grc' dir='ltr'>Ι</span> <span class='ocrx_word' id='word_1_227' title='bbox 733 2669 765 2717; x_wconf 79' lang='grc'>17</span> <span class='ocrx_word' id='word_1_228' title='bbox 786 2678 876 2731; x_wconf 83' lang='lat' dir='ltr'>nequa</span> <span class='ocrx_word' id='word_1_229' title='bbox 893 2665 996 2718; x_wconf 85' lang='lat' dir='ltr'>nostris</span> <span class='ocrx_word' id='word_1_230' title='bbox 1014 2664 1073 2718; x_wconf 84' lang='lat' dir='ltr'>iam</span> <span class='ocrx_word' id='word_1_231' title='bbox 1082 2667 1226 2748; x_wconf 78' lang='lat' dir='ltr'>Anqnetil</span> 
     </span>
     <span class='ocr_line' id='line_1_29' title="bbox 221 2731 1226 2803; baseline 0.01 -21"><span class='ocrx_word' id='word_1_232' title='bbox 221 2733 363 2797; x_wconf 84' lang='lat' dir='ltr'>equestres</span> <span class='ocrx_word' id='word_1_233' title='bbox 387 2747 422 2784; x_wconf 83' lang='lat' dir='ltr'>ee</span> <span class='ocrx_word' id='word_1_234' title='bbox 440 2731 514 2786; x_wconf 89' lang='lat' dir='ltr'>enim</span> <span class='ocrx_word' id='word_1_235' title='bbox 534 2732 681 2800; x_wconf 85' lang='lat' dir='ltr'>(equestris</span> <span class='ocrx_word' id='word_1_236' title='bbox 701 2749 735 2786; x_wconf 86' lang='lat' dir='ltr'>ea</span> <span class='ocrx_word' id='word_1_237' title='bbox 753 2732 810 2786; x_wconf 87' lang='lat' dir='ltr'>iam</span> <span class='ocrx_word' id='word_1_238' title='bbox 828 2734 937 2801; x_wconf 84' lang='lat' dir='ltr'>Haase,</span> <span class='ocrx_word' id='word_1_239' title='bbox 965 2734 1155 2803; x_wconf 83' lang='lat' dir='ltr'>equestrise1</span> <span class='ocrx_word' id='word_1_240' title='bbox 1176 2739 1226 2793; x_wconf 79' lang='lat' dir='ltr'>An</span> 
     </span>
     <span class='ocr_line' id='line_1_30' title="bbox 220 2801 1226 2874; baseline 0.01 -20"><span class='ocrx_word' id='word_1_241' title='bbox 220 2801 325 2867; x_wconf 70' lang='lat' dir='ltr'>dreoem</span> <span class='ocrx_word' id='word_1_242' title='bbox 346 2801 350 2868; x_wconf 90' lang='grc' dir='ltr'>Ι</span> <span class='ocrx_word' id='word_1_243' title='bbox 375 2805 407 2854; x_wconf 86' lang='grc'>18</span> <span class='ocrx_word' id='word_1_244' title='bbox 427 2816 510 2868; x_wconf 84' lang='lat' dir='ltr'>aegre</span> <span class='ocrx_word' id='word_1_245' title='bbox 528 2801 602 2861; x_wconf 80' lang='lat' dir='ltr'>clivo</span> <span class='ocrx_word' id='word_1_246' title='bbox 621 2802 759 2856; x_wconf 77' lang='lat' dir='ltr'>instantes</span> <span class='ocrx_word' id='word_1_247' title='bbox 777 2803 933 2860; x_wconf 80' lang='lat' dir='ltr'>Sebdmcnn</span> <span class='ocrx_word' id='word_1_248' title='bbox 945 2807 1053 2874; x_wconf 84' lang='lat' dir='ltr'>partim</span> <span class='ocrx_word' id='word_1_249' title='bbox 1070 2822 1132 2861; x_wconf 78' lang='lat' dir='ltr'>nnn</span> <span class='ocrx_word' id='word_1_250' title='bbox 1153 2811 1226 2864; x_wconf 85' lang='lat' dir='ltr'>aliis</span> 
     </span>
     <span class='ocr_line' id='line_1_31' title="bbox 221 2867 1232 2949; baseline 0.009 -25"><span class='ocrx_word' id='word_1_251' title='bbox 221 2886 236 2924; x_wconf 89' lang='lat' dir='ltr'>e</span> <span class='ocrx_word' id='word_1_252' title='bbox 312 2867 361 2923; x_wconf 88' lang='lat' dir='ltr'>diu</span> <span class='ocrx_word' id='word_1_253' title='bbox 384 2871 434 2923; x_wconf 80' lang='lat' dir='ltr'>aut</span> <span class='ocrx_word' id='word_1_254' title='bbox 456 2872 549 2925; x_wconf 80' lang='lat' dir='ltr'>stante</span> <span class='ocrx_word' id='word_1_255' title='bbox 570 2875 664 2942; x_wconf 82' lang='lat' dir='ltr'>(aegre</span> <span class='ocrx_word' id='word_1_256' title='bbox 683 2889 713 2926; x_wconf 90' lang='lat' dir='ltr'>se</span> <span class='ocrx_word' id='word_1_257' title='bbox 732 2875 922 2928; x_wconf 79' lang='lat' dir='ltr'>sustentantes</span> <span class='ocrx_word' id='word_1_258' title='bbox 940 2875 980 2930; x_wconf 89' lang='grc' dir='ltr'>Η.</span> <span class='ocrx_word' id='word_1_259' title='bbox 1000 2876 1115 2944; x_wconf 77' lang='lat' dir='ltr'>Sciatis,</span> <span class='ocrx_word' id='word_1_260' title='bbox 1144 2895 1232 2949; x_wconf 80' lang='lat' dir='ltr'>aegr</span> 
     </span>
     <span class='ocr_line' id='line_1_32' title="bbox 221 2939 1236 3028; baseline 0.009 -32"><span class='ocrx_word' id='word_1_261' title='bbox 221 2939 325 2996; x_wconf 89' lang='lat' dir='ltr'>c&#39;vum</span> <span class='ocrx_word' id='word_1_262' title='bbox 347 2939 503 2995; x_wconf 78' lang='lat' dir='ltr'>eluctantes</span> <span class='ocrx_word' id='word_1_263' title='bbox 524 2941 707 3025; x_wconf 69' lang='lat' dir='ltr'>Cornelissem</span> <span class='ocrx_word' id='word_1_264' title='bbox 735 2945 854 3000; x_wconf 80' lang='lat' dir='ltr'>aliorum</span> <span class='ocrx_word' id='word_1_265' title='bbox 876 2951 989 3001; x_wconf 78' lang='lat' dir='ltr'>conatus</span> <span class='ocrx_word' id='word_1_266' title='bbox 1007 2947 1040 3026; x_wconf 80' lang='lat' dir='ltr'>de</span> <span class='ocrx_word' id='word_1_267' title='bbox 1057 2948 1236 3028; x_wconf 35' lang='grc' dir='ltr'>ῖοοοιηιίεει·</span> 
     </span>
     <span class='ocr_line' id='line_1_33' title="bbox 220 3012 1231 3168; baseline -0.002 -31"><span class='ocrx_word' id='word_1_268' title='bbox 220 3012 1231 3168; x_wconf 48' lang='lat' dir='ltr'>tttttti·pttttbttttrttttdtttlttptifftt-.</span> 
     </span>
     <span class='ocr_line' id='line_1_34' title="bbox 220 3154 1230 3227; baseline 0.002 -19"><span class='ocrx_word' id='word_1_269' title='bbox 220 3155 248 3208; x_wconf 91' lang='lat' dir='ltr'><strong><em>B</em></strong></span> <span class='ocrx_word' id='word_1_270' title='bbox 269 3155 274 3221; x_wconf 94' lang='grc' dir='ltr'>Ι</span> <span class='ocrx_word' id='word_1_271' title='bbox 295 3160 311 3209; x_wconf 87' lang='grc'><strong>6</strong></span> <span class='ocrx_word' id='word_1_272' title='bbox 331 3154 509 3209; x_wconf 85' lang='lat' dir='ltr'>occurrerant</span> <span class='ocrx_word' id='word_1_273' title='bbox 525 3154 566 3222; x_wconf 87' lang='lat' dir='ltr'>B,</span> <span class='ocrx_word' id='word_1_274' title='bbox 586 3156 763 3209; x_wconf 83' lang='lat' dir='ltr'>occurrerant</span> <span class='ocrx_word' id='word_1_275' title='bbox 781 3155 968 3224; x_wconf 77' lang='lat' dir='ltr'>Riteolannsl</span> <span class='ocrx_word' id='word_1_276' title='bbox 990 3161 1024 3211; x_wconf 91' lang='lat'>10</span> <span class='ocrx_word' id='word_1_277' title='bbox 1042 3155 1165 3227; x_wconf 77' lang='lat' dir='ltr'>oblatos,</span> <span class='ocrx_word' id='word_1_278' title='bbox 1188 3178 1230 3216; x_wconf 80' lang='lat' dir='ltr'>em</span> 
     </span>
     <span class='ocr_line' id='line_1_35' title="bbox 221 3224 1225 3298; baseline 0.006 -20"><span class='ocrx_word' id='word_1_279' title='bbox 221 3224 372 3280; x_wconf 76' lang='lat' dir='ltr'>Rhenanus</span> <span class='ocrx_word' id='word_1_280' title='bbox 392 3226 396 3293; x_wconf 91' lang='grc' dir='ltr'>Ι</span> <span class='ocrx_word' id='word_1_281' title='bbox 420 3231 452 3280; x_wconf 83' lang='grc'>13</span> <span class='ocrx_word' id='word_1_282' title='bbox 470 3239 601 3292; x_wconf 86' lang='lat' dir='ltr'>proruere</span> <span class='ocrx_word' id='word_1_283' title='bbox 622 3224 804 3293; x_wconf 76' lang='lat' dir='ltr'>Cornelissen,</span> <span class='ocrx_word' id='word_1_284' title='bbox 823 3241 862 3280; x_wconf 86' lang='lat' dir='ltr'>nn</span> <span class='ocrx_word' id='word_1_285' title='bbox 880 3227 1116 3298; x_wconf 64' lang='lat' dir='ltr'>contremescit</span> <span class='ocrx_word' id='word_1_286' title='bbox 1134 3235 1174 3283; x_wconf 83' lang='lat'>14</span> <span class='ocrx_word' id='word_1_287' title='bbox 1196 3234 1225 3284; x_wconf 93' lang='lat' dir='ltr'>et</span> 
     </span>
     <span class='ocr_line' id='line_1_36' title="bbox 222 3294 1235 3365; baseline 0.007 -18"><span class='ocrx_word' id='word_1_288' title='bbox 222 3294 266 3347; x_wconf 89' lang='lat' dir='ltr'>est</span> <span class='ocrx_word' id='word_1_289' title='bbox 282 3294 393 3360; x_wconf 80' lang='lat' dir='ltr'>Rosius,</span> <span class='ocrx_word' id='word_1_290' title='bbox 411 3311 449 3348; x_wconf 88' lang='lat' dir='ltr'>an</span> <span class='ocrx_word' id='word_1_291' title='bbox 467 3295 549 3364; x_wconf 64' lang='lat' dir='ltr'>sctit</span> <span class='ocrx_word' id='word_1_292' title='bbox 568 3300 600 3349; x_wconf 79' lang='lat'>15</span> <span class='ocrx_word' id='word_1_293' title='bbox 618 3295 696 3349; x_wconf 87' lang='lat' dir='ltr'>ntem</span> <span class='ocrx_word' id='word_1_294' title='bbox 715 3296 750 3364; x_wconf 81' lang='lat' dir='ltr'>A,</span> <span class='ocrx_word' id='word_1_295' title='bbox 769 3296 838 3349; x_wconf 88' lang='lat' dir='ltr'>item</span> <span class='ocrx_word' id='word_1_296' title='bbox 851 3296 886 3362; x_wconf 83' lang='grc' dir='ltr'>Β,</span> <span class='ocrx_word' id='word_1_297' title='bbox 905 3296 982 3350; x_wconf 88' lang='lat' dir='ltr'>idem</span> <span class='ocrx_word' id='word_1_298' title='bbox 1002 3296 1107 3365; x_wconf 81' lang='lat' dir='ltr'>Goebel,</span> <span class='ocrx_word' id='word_1_299' title='bbox 1126 3297 1235 3354; x_wconf 87' lang='lat' dir='ltr'>iterum</span> 
     </span>
    </p>
   </div>
   <div class='ocr_carea' id='block_1_4' title="bbox 220 3363 1234 3574">
    <p class='ocr_par' dir='ltr' id='par_1_4' title="bbox 220 3363 1234 3574">
     <span class='ocr_line' id='line_1_37' title="bbox 221 3363 1234 3450; baseline 0.009 -35"><span class='ocrx_word' id='word_1_300' title='bbox 221 3363 345 3441; x_wconf 61' lang='lat' dir='ltr'>lircnbe,</span> <span class='ocrx_word' id='word_1_301' title='bbox 367 3363 522 3444; x_wconf 78' lang='lat' dir='ltr'>identidem</span> <span class='ocrx_word' id='word_1_302' title='bbox 539 3364 650 3446; x_wconf 69' lang='lat' dir='ltr'>Hiber,</span> <span class='ocrx_word' id='word_1_303' title='bbox 669 3364 734 3418; x_wconf 90' lang='lat' dir='ltr'>inde</span> <span class='ocrx_word' id='word_1_304' title='bbox 752 3366 852 3432; x_wconf 82' lang='lat' dir='ltr'>Ritter,</span> <span class='ocrx_word' id='word_1_305' title='bbox 864 3367 921 3446; x_wconf 74' lang='lat' dir='ltr'>del.</span> <span class='ocrx_word' id='word_1_306' title='bbox 941 3367 1100 3448; x_wconf 73' lang='lat' dir='ltr'>Nipperdey</span> <span class='ocrx_word' id='word_1_307' title='bbox 1111 3371 1234 3450; x_wconf 35' lang='lat' dir='ltr'>⁸(nppro</span> 
     </span>
     <span class='ocr_line' id='line_1_38' title="bbox 220 3432 1227 3516; baseline 0.012 -34"><span class='ocrx_word' id='word_1_308' title='bbox 220 3446 400 3499; x_wconf 83' lang='lat' dir='ltr'>prnquavere‚</span> <span class='ocrx_word' id='word_1_309' title='bbox 419 3432 512 3511; x_wconf 80' lang='lat' dir='ltr'>ultum</span> <span class='ocrx_word' id='word_1_310' title='bbox 523 3433 700 3516; x_wconf 76' lang='lat' dir='ltr'>Cornelissen)</span> <span class='ocrx_word' id='word_1_311' title='bbox 717 3439 720 3504; x_wconf 88' lang='grc' dir='ltr'>Ι</span> <span class='ocrx_word' id='word_1_312' title='bbox 739 3441 771 3490; x_wconf 80' lang='lat' dir='ltr'>tc</span> <span class='ocrx_word' id='word_1_313' title='bbox 790 3451 872 3504; x_wconf 79' lang='lat' dir='ltr'>gnari</span> <span class='ocrx_word' id='word_1_314' title='bbox 881 3435 1006 3492; x_wconf 79' lang='lat' dir='ltr'>Dronbe:</span> <span class='ocrx_word' id='word_1_315' title='bbox 1026 3453 1120 3506; x_wconf 83' lang='lat' dir='ltr'>rgnarr</span> <span class='ocrx_word' id='word_1_316' title='bbox 1139 3443 1227 3510; x_wconf 78' lang='lat' dir='ltr'>(rgnu</span> 
     </span>
     <span class='ocr_line' id='line_1_39' title="bbox 220 3500 761 3574; baseline 0.011 -21"><span class='ocrx_word' id='word_1_317' title='bbox 220 3516 266 3554; x_wconf 88' lang='lat' dir='ltr'>ros</span> <span class='ocrx_word' id='word_1_318' title='bbox 280 3500 464 3568; x_wconf 48' lang='lat' dir='ltr'>‘Puteolanus</span> <span class='ocrx_word' id='word_1_319' title='bbox 483 3517 595 3570; x_wconf 83' lang='lat' dir='ltr'>1gnoros</span> <span class='ocrx_word' id='word_1_320' title='bbox 614 3519 696 3572; x_wconf 79' lang='lat' dir='ltr'>gnum</span> <span class='ocrx_word' id='word_1_321' title='bbox 714 3505 761 3574; x_wconf 83' lang='lat' dir='ltr'>al.)</span> 
     </span>
    </p>
   </div>
   <div class='ocr_carea' id='block_1_5' title="bbox 0 0 1240 4068">
    <p class='ocr_par' dir='ltr' id='par_1_5' title="bbox 0 0 1240 4068">
     <span class='ocr_line' id='line_1_40' title="bbox 0 0 1240 4068; baseline 0 0"><span class='ocrx_word' id='word_1_322' title='bbox 0 0 1240 4068; x_wconf 95' lang='lat' dir='ltr'> </span> 
     </span>
    </p>
   </div>
  </div>
 </body>
</html>
