2474 4068
205 191 270 256 254
553 187 722 243 CORNELII
740 187 858 242 TACITI

205 341 297 399 simus
312 333 446 419 mansit),
467 343 566 397 vetere
587 353 622 396 ae
636 336 694 395 iam
708 334 823 412 pridem
837 341 956 413 recepta
971 335 1073 413 populi
1087 335 1217 396 Romani

205 425 431 504 consuetudine,
459 431 493 484 ut
517 422 640 484 haberet
667 425 862 483 instrumenta
888 423 1039 483 servitutis
1063 431 1093 483 et
1116 421 1216 501 reges,

204 531 271 574 mox
286 513 388 573 Didius
403 510 501 572 Gallus
521 519 604 589 parta
623 528 639 570 a
653 508 804 589 prioribus
819 511 977 590 continuit,
997 512 1099 589 paucis
1113 511 1216 572 admo·

205 601 275 662 dum
294 599 421 662 castellis
440 601 470 659 in
493 598 633 659 ulteriora
647 599 804 677 promotis,
822 615 877 676 per
891 615 966 677 quae
981 597 1056 658 lama
1070 601 1151 659 aucti
1173 601 1216 659 ol·

165 717 190 758 10
205 689 265 750 licii
284 694 485 767 quaereretur.
521 685 639 746 Didium
654 685 797 745 Veranius
818 687 942 764 excepit,
960 687 1045 764 isque
1064 688 1143 746 intra
1162 706 1215 747 an·

203 794 275 836 num
290 777 436 836 extinctus
445 782 498 834 est.
519 773 678 834 Suetonius
692 772 761 833 hinc
771 772 912 833 Paulinus
922 771 1041 833 biennio
1050 792 1216 852 prosperas

204 881 253 925 res
275 861 391 944 babuit,
410 860 539 923 subactis
559 861 727 921 nationibus
745 861 927 939 firmatisque
948 861 1118 942 praesidiis3
1139 881 1216 940 quo·

204 969 270 1011 rum
286 950 392 1011 liducia
406 949 522 1010 Monam
535 948 662 1009 insulam
676 957 710 1008 ut
723 950 801 1008 vires
815 947 976 1009 rebellibus
991 951 1216 1010 ministrantem

205 1038 362 1117 adgressus
376 1045 460 1116 terga
479 1039 628 1098 occasioni
641 1037 789 1114 patefecit.

274 1122 321 1188 15.
336 1125 468 1205 Namque
483 1124 615 1185 absentia
629 1123 717 1202 legati
731 1131 844 1184 remoto
859 1131 940 1184 metu
953 1122 1086 1184 Britanni
1097 1126 1215 1201 agitare

203 1215 282 1275 inter
305 1231 336 1275 sc
360 1213 434 1274 mala
454 1214 617 1292 servitude,
642 1211 777 1272 conferre
795 1213 919 1272 iniurias
937 1218 968 1271 et
985 1213 1215 1289 interpretando

204 1301 379 1362 accendere:
407 1300 481 1361 nihil
499 1300 602 1378 profici
621 1301 761 1378 patientia
779 1300 838 1360 nisi
855 1306 889 1359 ut
908 1300 1041 1376 graviora
1060 1307 1214 1379 tamquam

203 1407 240 1449 ex
259 1388 338 1448 laeili
356 1386 550 1451 tolerantibus
568 1390 760 1465 imperentur.
803 1386 933 1464 singulos
959 1387 1017 1446 sibi
1035 1387 1104 1447 olim
1124 1406 1215 1466 reges

176 1505 189 1544 5
205 1477 309 1556 luisse,
332 1493 411 1537 nunc
430 1475 516 1536 binos
534 1477 659 1554 imponi,
683 1493 700 1535 e
719 1473 827 1554 quibus
845 1474 958 1552 legatus
977 1475 1009 1534 in
1028 1478 1214 1556 sanguinem,

204 1571 380 1643 procurator
401 1564 432 1625 in
455 1561 531 1623 bona
551 1565 683 1623 saeviret.
720 1580 813 1641 aeque
832 1561 1009 1623 discordiam
1027 1566 1213 1642 praeposito·

203 1671 279 1732 rum,
294 1669 387 1731 aeque
402 1650 588 1712 concordiam
606 1649 748 1711 subiectis
763 1652 925 1711 exitiosam.
953 1649 1075 1712 alterius
1090 1669 1212 1712 manum

204 1741 402 1819 centuriones,
415 1733 543 1801 ¹alterius
558 1756 658 1799 servos
673 1739 732 1799 vim
746 1745 776 1798 et
790 1737 983 1799 contumelias
998 1740 1132 1800 miscere.
1166 1743 1213 1800 ui-

202 1828 245 1889 hil
259 1831 317 1889 iam
330 1828 498 1907 cupiditati,
516 1826 589 1887 nihil
603 1825 718 1887 libidini
733 1833 897 1904 exceptum.
929 1827 961 1886 in
979 1825 1092 1904 proelio
1108 1827 1213 1888 lortiu-

165 1945 190 1985 ιο
203 1934 267 1976 rem
286 1933 352 1976 esse
373 1918 424 1994 qui
443 1914 560 1994 spoliet:
581 1932 660 1975 nunc
675 1914 710 1975 ab
725 1915 838 1992 ignavis
852 1912 1028 1993 plerumque
1042 1921 1072 1974 et
1086 1914 1213 1976 imbelli-

204 2002 260 2065 bus
274 2005 350 2081 eripi
364 2003 476 2083 domos,
494 2001 625 2062 abstrahi
638 2000 756 2081 liberos,
771 2003 886 2078 iniungi
900 2000 1039 2082 dilectus,
1059 2009 1213 2082 tamquam

204 2093 280 2151 mori
298 2097 412 2150 tanturn
427 2107 481 2167 pro
496 2091 590 2167 patria
605 2089 813 2150 nescientibus.
833 2088 1007 2168 quantulum
1021 2091 1101 2150 enim
1114 2098 1213 2151 trans·

203 2180 263 2238 isse
282 2177 423 2256 militum,
447 2179 472 2236 si
491 2193 555 2236 sese
570 2175 703 2237 Britanni
718 2173 895 2238 numerent?
918 2177 960 2238 sio
976 2176 1147 2239 Germanias
1161 2197 1213 2238 ex-

204 2267 333 2327 cussisse
348 2267 463 2342 iugum:
478 2272 507 2324 et
521 2263 651 2344 flumine,
665 2282 724 2324 non
739 2263 855 2325 Oceano
869 2264 996 2326 delendi.
1018 2264 1075 2325 sibi
1084 2268 1212 2344 patriam

73 2382 76 2386 .
166 2380 190 2422 ω
205 2355 347 2432 coniuges
369 2360 520 2433 parentes,
542 2351 601 2412 illis
624 2353 774 2413 avaritiam
798 2360 827 2413 et
849 2351 996 2414 luxuriam
1018 2371 1121 2414 causas
1140 2354 1212 2418 belli

204 2459 277 2502 esse.
302 2458 487 2521 recessuros,
505 2448 538 2502 ut
554 2440 639 2501 dinus
654 2439 745 2501 lulius
759 2442 945 2520 recessisset,
963 2440 1050 2501 modo
1068 2443 1213 2503 virtutem

203 2532 348 2591 maiorum
367 2547 488 2591 suorum
506 2527 734 2589 aemularentur.
760 2546 833 2588 neve
851 2527 957 2606 proelii
971 2531 1059 2590 unius
1073 2538 1124 2590 aut
1138 2530 1212 2591 alte·

204 2619 267 2679 rius
282 2626 389 2679 eventu
402 2624 607 2696 pavescerent:
620 2616 687 2695 plus
701 2619 829 2696 impetus
843 2619 977 2695 inteqris,
992 2619 1132 2677 maiorem
1141 2637 1211 2678 con-

205 2707 340 2766 stantiam
360 2723 452 2782 penes
470 2708 596 2765 miseros
615 2721 688 2764 esse.
723 2706 782 2764 iam
801 2703 1010 2764 Britannorum
1030 2706 1117 2765 etiam
1138 2705 1211 2766 deos

164 2820 190 2862 20
205 2794 353 2871 misereri,
376 2795 427 2870 qui
441 2790 604 2852 Romanum
622 2791 728 2852 ducem
743 2790 908 2872 absentem,
931 2793 984 2870 qui
1001 2791 1164 2872 relegatum
1180 2795 1211 2854 in

275 3013 320 3082 14,
336 3020 352 3068 6
371 3014 465 3068 vetere
476 3057 482 3068 .
495 3013 543 3070 ,ui
560 3011 678 3066 haberet
695 3011 861 3067 Rhenanus:
880 3013 912 3066 ui
930 3013 1024 3066 uetere
1035 3056 1041 3069 .
1053 3057 1058 3069 .
1069 3013 1190 3068 haberet
1206 3015 1210 3086 l

206 3085 261 3140 iet
278 3101 327 3140 om.
337 3084 365 3138 Β
381 3085 385 3152 Ι
400 3082 484 3153 rogis,
503 3100 551 3139 em.
561 3083 712 3139 Rhenanus
727 3086 732 3152 Ι
749 3089 782 3137 10
794 3082 824 3146 Q.
835 3081 973 3136 Veranius
983 3083 1073 3139 Ritter
1088 3087 1092 3153 Ι
1110 3091 1143 3139 13
1154 3084 1212 3141 No-

204 3171 279 3209 mam
296 3155 334 3222 B,
353 3155 416 3210 item
435 3159 532 3222 18,17
546 3156 552 3224 Ι
568 3151 612 3220 15,
627 3160 643 3208 3
664 3151 802 3222 sapientia
820 3152 848 3206 Β
862 3154 867 3221 Ι
883 3159 900 3206 4
918 3152 1091 3222 imperantur
1103 3155 1131 3208 B
1145 3157 1212 3222 fort.

204 3224 488 3362 solstitiali
514 3224 1013 3364 lillllddi'tll‘bolilill’
1032 3225 1213 3363 illast

204 3365 338 3422 Heinsius
358 3366 362 3434 Ι
386 3370 419 3420 18
437 3364 555 3435 integris
573 3366 708 3434 supplevit
725 3335 885 3431 Acidaliae,
904 3363 962 3418 illis
983 3341 1158 3436 Peerlkamp,
1178 3315 1212 3434 (ΒΓ.

204 3437 283 3573 gagg
300 3440 411 3505 31,19;
434 3434 538 3504 integri
556 3434 666 3489 miseris
685 3436 747 3490 item
766 3436 992 3503 opportunioris
1012 3434 1066 3491 Oic.
1082 3452 1113 3506 p.
1134 3437 1212 3492 Mur.
