2474 4068
372 184 577 241 enniconnn
598 191 709 242 11-14.
976 191 1041 255 253

36 331 120 393 tarde
142 332 318 412 mitescunt,
342 333 400 393 cito
423 333 615 414 proveniunt3
638 333 800 414 eademque
819 336 976 415 utriusque
998 339 1041 399 rei

36 439 139 501 causa,
161 419 272 481 multus
295 437 382 480 umor
400 428 547 481 terrarum
566 421 706 500 caelique.
743 422 802 484 lert
818 422 970 484 Britannia
992 443 1042 486 au·

36 527 103 570 rum
123 515 325 585 clangentem
345 515 375 568 et
389 507 443 568 alia
457 508 587 589 metalla,
611 512 740 587 pretinm
759 512 909 571 victoriae.
950 514 1043 590 gignit

37 606 66 657 et
80 595 217 657 Oceanus
235 597 406 676 margarita,
425 595 477 656 sed
499 596 637 658 subiusca
652 615 685 658 ac
700 597 827 658 liventia.
865 598 984 678 quidam
998 618 1042 661 ar·
1057 623 1083 662 eo

37 692 96 744 tem
116 683 220 744 abesse
240 682 405 761 legentibus
424 683 619 765 arbitrantur;
638 703 706 746 nam
724 687 755 745 in
774 684 865 747 rubro
886 688 961 747 mari
980 689 1044 748 viva

37 791 69 832 ac
84 773 227 850 spirantia
242 773 320 831 saxis
335 770 427 851 avelli,
441 773 472 832 in
485 771 645 854 Britannia,
660 781 749 851 prout
763 773 886 852 expulsa
899 776 971 855 sint,
986 775 1055 860 col-¹

37 861 101 938 ligi:
116 876 171 937 ego
185 859 300 920 facilius
314 858 492 919 crediderim
506 868 642 921 naturam
655 864 823 938 margaritis
838 862 942 923 deesse
957 880 1043 942 qnam

38 947 123 1008 nobis
139 949 299 1009 avaritiam.

106 1031 156 1096 13.
175 1034 235 1113 lpsi
248 1035 382 1095 Britanni
396 1034 536 1096 dilectum
555 1053 589 1096 ac
608 1034 718 1096 tributa
737 1045 768 1096 et
780 1037 912 1097 iniuncta
926 1039 1044 1116 imperii

38 1140 160 1185 munera
183 1123 308 1201 impigre
331 1121 455 1202 obeunt,
483 1125 508 1184 si
526 1125 652 1184 iniuriae
667 1123 776 1184 absint:
795 1124 848 1184 bas
866 1142 953 1202 aegre
973 1125 1043 1185 tole·

38 1219 112 1289 rant,
127 1212 186 1271 iarn
200 1210 303 1270 domiti
316 1218 351 1271 ut
368 1217 499 1289 pareant,
513 1210 644 1270 nondum
659 1219 692 1272 ut
706 1213 843 1273 serviant.
880 1214 971 1290 igitur
985 1215 1044 1290 pri-

39 1317 105 1360 mus
124 1300 256 1359 omnium
270 1298 470 1359 Romanorum
488 1298 574 1358 divus
588 1298 680 1360 lulius
699 1318 768 1361 cum
782 1301 915 1361 exercitu
930 1299 1043 1361 Britan-

39 1390 116 1448 niam
131 1389 293 1466 ingressae,
313 1404 490 1465 quamquam
504 1404 646 1465 prospera
660 1405 758 1466 pugna
772 1385 914 1449 terruerit
932 1388 1044 1450 incolas
1058 1411 1070 1452 s

39 1493 71 1536 ac
90 1474 178 1535 litore
202 1476 313 1552 potitus
336 1476 388 1555 sit,
412 1482 511 1553 potest
529 1475 623 1536 videri
641 1474 806 1536 ostendisse
825 1477 965 1558 posteris,
984 1494 1044 1537 non

38 1562 205 1627 tradidisse.
223 1579 290 1622 mox
308 1561 383 1622 bella
402 1562 498 1622 civilia
517 1564 595 1623 etin
614 1581 678 1623 rem
696 1562 845 1642 publicam
866 1581 950 1624 versa
963 1566 1044 1642 prin·

39 1654 139 1729 cipum
154 1667 242 1730 arma,
263 1667 296 1710 ac
315 1649 401 1727 longa
420 1649 527 1710 oblivio
541 1648 710 1711 Britanniae
724 1653 812 1710 etiam
826 1652 858 1711 in
872 1668 956 1728 pace:
974 1670 1043 1712 con·

39 1739 137 1799 silium
151 1737 181 1797 id
197 1737 281 1798 divus
299 1738 449 1816 Augustus
463 1736 594 1818 vocabat,
608 1737 746 1798 Tiberius
760 1746 961 1816 praeceptum.
983 1740 1042 1816 agi·
1092 1784 1095 1787 -

39 1836 116 1887 tasse
136 1824 240 1885 Gaium
262 1824 416 1886 Caesarem
439 1824 476 1885 de
494 1825 630 1886 intranda
648 1825 800 1886 Britannia
822 1827 893 1886 satis
917 1834 1040 1905 constat,
1056 1850 1082 1890 ιο

38 1917 68 1974 ni
92 1913 176 1974 velox
199 1915 317 1992 ingenio
340 1912 443 1974 mobili
465 1914 675 1993 paenitentiae,
699 1921 729 1974 et
747 1915 883 1992 ingentes
902 1913 1043 1974 adversus

38 2002 225 2062 Germaniam
243 2009 367 2062 conatus
385 2001 495 2061 frustra
514 2001 647 2061 luissent.
679 2001 763 2062 divus
782 2000 922 2062 Claudius
940 2009 1044 2063 auctor

38 2092 138 2151 iterati
161 2091 273 2170 operis,
301 2090 476 2150 transvectis
501 2087 666 2166 legionibus
685 2089 861 2168 auxiliisque
879 2098 909 2150 et
927 2089 1043 2152 adsum·

38 2187 88 2256 pto
103 2180 135 2237 in
149 2184 263 2256 partem
277 2195 378 2237 rerum
387 2175 574 2257 Vespasiano,
596 2177 675 2255 quod
688 2179 806 2239 initium
820 2186 961 2239 venturae
975 2196 1043 2239 mox

39 2267 174 2327 iortunae
197 2265 266 2326 luit:
285 2264 412 2325 domitae
432 2272 549 2344 gentes,
568 2268 647 2344 capti
660 2283 747 2344 reges
760 2275 791 2327 et
804 2274 985 2327 monstratus
1003 2267 1043 2327 ia·
1057 2287 1083 2331 m

38 2357 76 2414 tis
91 2352 297 2430 Vespasianus.

107 2439 158 2501 14.
186 2439 390 2501 Consularium
408 2442 523 2518 primus
541 2440 634 2500 Aulus
652 2438 785 2501 Plautius
803 2442 990 2518 praepositus
1009 2458 1043 2502 ac

39 2527 165 2591 subinde
185 2526 321 2589 Ostorius
342 2527 481 2607 Scapula,
499 2535 626 2606 uterque
644 2526 720 2588 bello
740 2529 889 2606 egregius:
912 2527 1043 2589 redacta·

39 2635 96 2696 que
111 2615 252 2696 paulatim
266 2618 297 2677 in
311 2616 434 2676 formam
449 2617 617 2693 provinciae
631 2617 764 2695 proxima
777 2633 847 2692 pars
860 2615 1044 2697 Britanniae;

39 2705 137 2766 addita
155 2706 278 2782 insuper
295 2712 502 2764 veteranorum
521 2703 643 2764 colonia.
681 2703 823 2781 quaedam
842 2705 976 2765 civitates
990 2704 1043 2765 Co·

38 2793 180 2872 gidumno
201 2793 265 2870 regi
281 2791 404 2852 donatae
419 2787 459 2870 (is
473 2791 509 2852 ad
523 2799 655 2853 nostram
669 2809 764 2871 usque
778 2794 951 2854 memoriam
966 2793 1043 2855 fidis·
1057 2817 1070 2857 a

110 2944 195 3013 121⁷
214 2943 271 2998 cito
289 2941 465 3012 proveniunt,
484 2941 565 2997 tarde
582 2942 734 2998 mitescunt
743 2945 900 3014 Peerlkamp
915 2947 920 3012 ι
936 2951 970 2999 20
989 2944 1044 2997 suf·
1139 2979 1140 2984 κ

38 3017 101 3070 fusa
119 3030 153 3068 ec
171 3012 280 3069 liuentc
297 3014 325 3068 Β
340 3016 345 3082 Ι
362 3014 431 3082 1t‚1
452 3012 601 3080 delectum,
620 3016 682 3070 item
696 3016 768 3068 aliae
783 3016 787 3082 Ι
804 3020 820 3067 2
839 3013 960 3068 subeunt
972 3013 1043 3083 Nip

32 3087 138 3156 pardey
166 3086 172 3152 Ι
199 3091 217 3140 8
235 3083 322 3140 etiam
340 3086 380 3139 A:
397 3084 455 3138 iam
472 3084 500 3138 Β
529 3085 534 3151 Ι
562 3091 578 3139 9
596 3086 777 3152 praeceptum
794 3084 821 3137 A
840 3099 946 3152 margo:
963 3099 1044 3152 pree-

38 3159 151 3226 ceptum
171 3154 205 3210 .l.
225 3156 255 3223 (i.
274 3173 295 3211 e.
313 3153 388 3225 lege)
406 3156 446 3223 Β,
464 3153 598 3235 precipue
616 3156 668 3234 A]
690 3160 721 3208 11
741 3151 849 3222 ingenii
866 3150 979 3208 mobilis
996 3170 1043 3224 pc·

37 3223 176 3281 nitentiea
185 3226 221 3293 Β,
239 3223 363 3294 ingenio,
382 3224 494 3281 mobilrs
512 3224 687 3294 paenitentes
702 3224 879 3294 Puteolanus,
898 3230 927 3279 ct
941 3225 975 3292 cf.
986 3227 1044 3281 An·

38 3299 134 3353 dream
155 3302 210 3353 not.
241 3299 246 3364 Ι
277 3300 308 3351 12
333 3300 429 3351 auctor
452 3295 547 3351 iterati
569 3295 651 3351 Wec=
680 3293 849 3350 auctoritate
867 3298 903 3361 (e.
923 3294 1044 3350 iterandi

40 3369 172 3437 Madvig,
196 3383 219 3421 e.
239 3366 355 3421 tandem
373 3367 520 3434 mettim,
538 3382 562 3420 e.
582 3365 688 3434 patrati
705 3364 806 3433 notter,
825 3382 850 3420 e.
870 3364 966 3419 stetim
985 3366 1043 3420 An·

38 3439 142 3505 drcsec)
159 3439 164 3505 Ι
182 3443 214 3493 to
234 3436 358 3493 domitae
376 3439 475 3506 gentes
491 3438 672 3492 Puteolanus:
692 3435 833 3492 Domitiae
847 3434 938 3505 gentis
954 3437 959 3504 l
976 3435 1042 3504 14‚1

39 3507 174 3576 Plautius,
194 3525 241 3564 em.
261 3509 412 3564 Rhenanus
427 3510 462 3575 lt
483 3506 647 3576 Cogidumno
666 3507 694 3561 Β
