2490 4066
270 817 542 902 CORNELII
572 818 765 902 ΤΑΟΙΤΙ

317 970 366 1026 on
384 971 473 1028 vrrs
486 967 537 1027 nr
555 973 715 1029 moremus

116 1116 347 1215 IULII
401 1117 915 1216 AGRIOOLAE

458 1305 572 1360 LIBER.

81 1465 110 1528 1.
139 1467 291 1528 Clarorum
319 1470 449 1530 virorum
468 1469 543 1530 iacta
566 1487 724 1549 moresque
742 1473 871 1549 posteris
894 1471 1021 1554 tradere,

13 1557 177 1634 antiquitus
188 1557 339 1636 usitatum,
350 1574 387 1616 ne
397 1557 507 1618 nostris
519 1557 638 1636 quidem
648 1557 832 1637 temporibus
843 1576 1020 1639 quamquam

13 1645 162 1704 incuriosa
176 1661 298 1704 suorum
313 1651 393 1704 aetas
407 1646 519 1724 omisit,
539 1646 676 1723 quotiens
691 1663 796 1724 magna
809 1646 907 1726 aliqua
921 1665 954 1708 ac
969 1665 1020 1708 no·

13 1731 80 1791 bilis
103 1731 198 1791 virtus
212 1732 283 1792 vicit
296 1749 330 1791 ac
345 1748 538 1810 supergressa
552 1739 597 1792 est
611 1734 716 1793 vitium
735 1735 833 1811 parvis
847 1736 1020 1813 magnisque

13 1817 182 1880 civitatibus
197 1836 361 1898 commune,
375 1820 571 1897 ignorantiam
585 1822 660 1881 recti
675 1828 705 1881 et
715 1820 863 1882 invidiam.
878 1821 930 1881 sed
941 1822 1018 1900 apud
1033 1846 1046 1887 a

13 1909 129 1986 priores
142 1913 176 1966 ut
190 1923 276 1984 agere
291 1906 378 1984 digna
391 1914 555 1967 memoratu
570 1925 697 1985 pronum
711 1910 864 1987 magisque
877 1910 908 1968 in
917 1917 1019 1988 aperto

13 2001 89 2074 erat,
103 1995 144 2055 ita
158 1992 369 2054 celeberrimus
384 1995 510 2074 quisque
524 1996 642 2073 ingenio
657 1995 693 2056 ad
708 1995 889 2074 prodendam
903 1998 1020 2058 virtutis

13 2083 184 2144 memoriam
204 2083 268 2141 sino
286 2083 379 2160 gratia
394 2089 444 2142 aut
458 2081 617 2143 ambitione
632 2081 725 2144 bonae
740 2091 854 2146 tantum
868 2087 1019 2146 conscien-

14 2172 69 2230 tiae
89 2171 186 2248 pretio
204 2169 377 2231 ducebatur.
422 2187 456 2230 ac
474 2169 609 2250 plerique
623 2188 706 2231 suam
720 2173 778 2250 ipsi
791 2173 880 2233 vitam
898 2190 1020 2235 narrare

14 2258 152 2318 fiduciam
165 2257 266 2336 potius
279 2275 396 2319 morum
410 2275 498 2337 quam
512 2258 712 2337 adrogantiam
727 2258 862 2320 arbitrati
873 2269 951 2342 sunt,
964 2279 1019 2322 neo
1035 2285 1061 2327 m

14 2346 41 2404 id
61 2344 174 2404 Rutilio
198 2351 228 2404 et
243 2343 354 2406 Scauro
373 2347 447 2407 citra
465 2346 554 2406 iidem
572 2354 623 2406 aut
637 2345 845 2408 obtrectationi
860 2348 928 2409 suit:
947 2347 1019 2409 adeo

14 2435 140 2492 virtutes
161 2432 256 2493 isdem
270 2432 455 2512 temporibus
469 2436 579 2513 optime
594 2436 799 2513 aestimantur,
818 2433 927 2512 quibus
941 2434 1020 2495 iacil-

14 2519 82 2580 iime
98 2522 269 2598 gignuntur.
284 2528 314 2581 at
327 2538 407 2581 nunc
420 2529 577 2582 narraturo
592 2520 665 2581 mibi
677 2523 767 2582 vitam
780 2521 913 2582 defuncti
927 2521 1019 2582 bomi-

14 2610 59 2668 nis
84 2611 169 2700 vepia
193 2626 268 2686 opus
291 2608 356 2688 suit,
379 2625 467 2687 quam
489 2626 550 2669 non
576 2610 718 2688 petissem
746 2609 938 2670 incusaturus
960 2617 1020 2670 mm

15 2713 102 2756 saeva
117 2705 147 2756 et
161 2696 267 2756 iniesta
281 2695 442 2757 virtutibus
455 2703 596 2774 tempora.
1034 2720 1060 2762 rs

81 2781 111 2844 2.
130 2783 283 2863 Legimus,
307 2802 374 2845 cum
393 2782 522 2844 Aruleno
540 2783 662 2845 Rustico
680 2782 789 2844 Paetus
801 2783 946 2866 Thrasea,
964 2783 1020 2846 He-

14 2873 119 2930 rennio
140 2870 295 2931 Senecioni
314 2869 434 2932 Priscus
452 2870 603 2932 Helvidius
622 2870 732 2933 laudati
754 2879 867 2952 essent,
896 2873 1020 2952 capitale

15 2958 120 3039 iuisse,
143 2976 241 3038 neque
259 2961 290 3019 in
308 2961 389 3038 ipsos
404 2959 490 3020 modo
511 2968 661 3039 auctores,
684 2959 736 3020 sed
750 2962 781 3020 in
796 2959 888 3020 libros
902 2978 1020 3040 quoque

15 3063 118 3106 eorum
129 3047 282 3128 saevitum,
297 3046 428 3124 delegato
439 3049 602 3108 triumviris
611 3048 776 3108 ministerio
787 3055 821 3106 ut
832 3055 1021 3107 monumenta
1087 3087 1089 3091 -

84 3216 112 3270 A
176 3215 237 3271 cod.
256 3214 410 3271 Vaticanus
430 3221 507 3283 3429,
526 3216 554 3270 Β
570 3241 602 3262 =
617 3215 677 3270 cod.
688 3214 753 3270 Vei.
773 3219 858 3283 44983
876 3212 1021 3285 lectiones,

17 3284 116 3350 quibus
135 3285 215 3340 nulla
233 3287 302 3342 nota
325 3285 468 3356 adscripta
486 3288 536 3352 est,
556 3285 713 3340 exstantia
732 3285 799 3340 AB.

87 3356 358 3423 1‚14fuorit1totu
378 3359 383 3425 i
406 3356 590 3411 incusatums.
609 3357 667 3410 tam
687 3370 771 3410 soevo
789 3356 919 3412 antinoo
940 3355 1023 3424 Wec,

17 3422 46 3476 ni
64 3424 319 3551 incusatuputham
338 3443 359 3484 s.
378 3426 493 3496 Lipsius
515 3430 519 3496 Ι
542 3426 599 3494 m
618 3425 763 3494 comedoni,
783 3443 829 3482 em.
850 3425 1023 3500 Rhenanus}

17 3499 33 3546 4
51 3495 190 3550 monimen
206 3512 223 3550 a
