2474 4068
225 162 289 228 230
570 160 739 215 CORNELII
756 159 875 215 unum

198 318 256 373 cet
274 311 387 371 maritis
405 310 562 388 permissa:
585 307 708 368 abscisis
729 307 862 368 crinibus
883 307 1022 368 nudatam
1042 325 1146 370 coram
1170 328 1227 388 pro

224 399 344 478 pinquis
364 397 483 477 expellit
501 397 587 457 domo
606 398 729 457 maritus
746 414 779 457 ac
793 413 847 475 per
861 413 977 457 omnem
992 398 1088 458 vicum
1102 397 1226 458 verbera

225 489 298 568 agit3
316 485 480 566 publicatae
499 487 577 546 enim
595 484 754 563 pudicitiae
768 483 848 545 nulla
862 486 959 546 venia:
977 502 1036 544 non
1050 485 1160 567 dorma,
1178 505 1225 546 noa

225 583 332 656 aetate,
351 593 410 635 non
424 573 529 652 opibus
544 575 682 633 maritum
700 574 855 634 invenerit.
890 590 977 633 nemo
991 575 1070 633 enim
1082 572 1146 634 iilic
1166 577 1224 634 vitia

225 662 310 742 ridet,
325 679 379 723 nec
394 678 583 740 corrumpere
598 662 788 738 etcorrumpi
806 660 956 721 saeculum
967 668 1096 722 vocatur.
1122 663 1224 724 melius

186 773 212 812 ιο
226 750 344 828 quidem
354 749 449 810 adhuc
459 767 510 810 eae
525 751 666 828 civitates,
680 750 711 809 in
725 748 833 828 quibus
849 755 961 809 tantum
971 749 1099 828 virgines
1110 750 1225 811 nubunt

225 845 337 898 etcum
351 856 404 918 spe
417 845 543 916 votoque
558 839 659 898 uxoris
677 836 768 898 semei
782 839 963 916 transigitur.
987 838 1030 898 sic
1044 855 1139 898 unum
1155 843 1225 900 acci·

225 928 312 1005 piunt
329 928 465 987 maritum
485 943 544 1004 quo
565 925 651 986 modo
670 942 762 985 unum
776 943 885 1004 corpus
899 943 1045 1004 unamque
1059 927 1169 1008 vitam,
1199 946 1226 988 ne

226 1013 284 1075 ulia
298 1017 435 1093 cogitatio
450 1012 541 1094 ultra,
563 1031 600 1074 ne
620 1013 734 1092 longior
748 1013 906 1095 cupiditas,
927 1031 964 1074 ne
978 1021 1128 1093 tamquam
1142 1020 1226 1076 mari·

226 1111 298 1183 tum,
312 1103 364 1164 sed
379 1110 526 1182 tamquam
540 1104 759 1162 matrimonium
773 1108 880 1163 ament.
899 1118 1055 1163 numerum
1065 1101 1225 1165 liberorum

187 1213 211 1254 ss
226 1191 311 1252 finire
334 1199 385 1251 aut
407 1208 584 1270 quemquam
602 1208 638 1250 ex
656 1190 789 1269 adgnatis
809 1207 916 1251 necare
934 1189 1077 1268 flagitium
1091 1189 1225 1271 habetur,

226 1279 351 1358 plusque
365 1278 407 1339 ibi
421 1277 491 1338 boni
504 1295 602 1339 mores
617 1277 713 1339 valent
727 1296 815 1358 quam
829 1277 898 1338 alibi
912 1277 1006 1338 bonae
1020 1277 1107 1356 leges.

293 1364 344 1428 20.
367 1365 400 1426 ln
419 1367 498 1427 omni
517 1365 602 1426 domo
617 1366 689 1427 nudi
702 1384 736 1426 ac
751 1366 863 1427 sordidi
875 1368 908 1427 in
921 1365 976 1427 bos
990 1375 1085 1448 artus,
1107 1368 1141 1428 in
1155 1367 1224 1430 haec

225 1472 358 1534 corpora,
373 1471 447 1534 quas
461 1455 610 1532 miramur,
625 1461 808 1514 excrescunt.
832 1471 885 1514 sua
895 1462 1145 1534 quemquemater
1157 1457 1224 1518 ube-

226 1543 309 1603 ribus
324 1540 387 1623 alit,
408 1559 463 1602 nec
477 1541 591 1602 ancillis
605 1549 656 1601 aut
670 1541 837 1603 nutricibus
856 1541 1036 1621 delegantur.
1074 1542 1224 1606 dominun

226 1649 260 1692 ac
274 1647 392 1692 servum
406 1629 494 1691 nuliis
509 1629 690 1691 educationis
705 1629 818 1690 deliciis
832 1628 1004 1708 dignoscas:
1032 1632 1110 1692 inter
1125 1633 1223 1694 eaden

200 1742 212 1783 s
227 1737 342 1800 pecora,
357 1721 387 1779 in
397 1719 499 1779 eadem
509 1717 598 1778 humo
613 1716 732 1801 degunt,
745 1717 839 1779 donec
849 1726 929 1778 aetas
943 1727 1060 1798 separet
1073 1721 1223 1798 ingenuos,

227 1810 321 1869 virtus
335 1807 502 1886 adgnoscat.
525 1823 589 1866 sera
605 1808 745 1866 iuvenum
759 1823 864 1886 venus,
878 1823 973 1886 eoque
987 1806 1162 1868 inexhausta
1179 1827 1223 1888 pu·

219 1895 334 1957 bertas.
361 1913 416 1956 nec
430 1896 559 1973 virgines
574 1895 763 1975 iestiriantur3
780 1893 882 1955 eadem
896 1896 1023 1976 iuventa,
1041 1894 1147 1957 similis
1162 1915 1223 1975 pro·

227 1985 348 2044 ceritasr
375 1999 462 2063 pares
486 1982 655 2062 validaeque
678 1984 855 2063 miscentur,
883 1999 917 2044 ac
940 1982 1047 2044 robora
1069 1993 1223 2063 parentum

227 2070 312 2132 liberi
326 2071 467 2131 referunt.
490 2087 626 2130 sororum
634 2069 701 2130 filiis
711 2071 788 2130 idem
802 2070 880 2150 apud
894 2071 1070 2132 avunculum
1086 2074 1138 2150 qui
1150 2074 1224 2152 apud

188 2182 213 2223 so
226 2166 341 2238 patrem
354 2157 456 2219 honor.
484 2157 602 2236 quidam
621 2159 797 2219 sanctiorem
811 2161 1009 2239 artioremque
1023 2160 1102 2221 hunc
1116 2178 1224 2222 nexum

226 2247 376 2326 sanguinis
391 2245 573 2306 arbitrantur
595 2247 673 2306 etin
692 2245 870 2324 accipiendis
889 2246 1041 2309 obsidibus
1059 2250 1154 2326 magis
1169 2253 1224 2310 exi·

225 2343 313 2415 gunt,
337 2343 485 2414 tamquam
504 2342 534 2394 et
552 2334 682 2394 animum
696 2334 809 2395 firmius
819 2342 849 2394 et
862 2334 982 2396 domum
996 2336 1083 2397 iatius
1098 2344 1225 2398 teneant.

224 2424 350 2486 heredes
365 2431 461 2484 tamen
475 2438 721 2500 successoresque
744 2423 791 2483 sui
813 2424 920 2502 cuique
943 2423 1042 2504 liberi,
1065 2431 1095 2485 et
1112 2425 1225 2487 nullum

225 2520 441 2574 testamentum.
465 2513 490 2572 si
504 2510 591 2571 iiberi
603 2527 662 2570 non
677 2518 754 2591 suni,
772 2513 924 2590 proximus
943 2511 1052 2590 gradus
1066 2513 1096 2572 in
1110 2530 1224 2591 posses·

187 2622 212 2664 se
227 2603 309 2662 sione
323 2601 443 2681 iratres,
461 2601 574 2680 patrui,
597 2598 741 2661 avuncuii.
777 2605 887 2678 quanto
901 2600 968 2678 plus
981 2601 1223 2680 propinquorum,

226 2695 335 2767 quanto
345 2690 437 2748 maior
446 2687 585 2748 adtinium
595 2703 746 2768 numerus,
756 2693 837 2748 tanto
845 2690 1000 2766 gratiosior
1011 2697 1224 2771 senectus3nec

225 2775 284 2837 ulla
298 2774 432 2836 orbitatis
445 2777 548 2853 pretia.

288 2861 342 2926 21.
366 2863 523 2942 Suscipere
544 2870 603 2924 tam
621 2864 790 2925 inimicitias
809 2881 863 2925 seu
882 2865 974 2944 patris
995 2882 1048 2925 seu
1067 2867 1224 2946 propinqui

309 3067 390 3132 libo
416 3066 519 3123 adcisis
543 3069 585 3124 oet
609 3068 708 3124 accisis
733 3069 800 3126 iibri
819 3069 943 3140 plerique
972 3071 977 3134 Ι
1006 3074 1022 3124 8
1048 3069 1158 3124 inuenit
1182 3071 1222 3142 Oi

225 3137 327 3263 ἑὲἒιὶιιι]
347 3138 519 3263 biq'pperdey,
547 3138 686 3264 eniqiqero
706 3138 1079 3264 Madvffl'·effl³fflp⁸⁵“⁸
1106 3143 1111 3208 t
1142 3147 1176 3198 1³
1195 3156 1225 3264 riq

224 3225 762 3360 cottidibbdibdiffitbbi
786 3225 963 3334 sifus
981 3217 1224 3348 diriditis

224 3350 286 3421 aut]
306 3349 400 3430 acto!
416 3356 432 3404 4
451 3350 579 3405 dmoscas
596 3350 703 3422 3019
722 3350 796 3420 apud
814 3351 923 3419 patrem
941 3353 972 3406 b:
992 3351 1028 3405 ad
1045 3353 1156 3420 patrem
1175 3351 1224 3407 ΒΟ

159 3469 166 3481 „
193 3470 199 3481 „
227 3421 231 3490 t
250 3427 281 3474 12
300 3421 330 3474 et
347 3437 377 3473 ιιι
395 3421 518 3475 animum
536 3422 602 3476 libri
618 3422 674 3487 fere
692 3436 794 3489 omnes,
818 3422 847 3474 et
864 3421 985 3490 inligant
1002 3437 1026 3476 a
1047 3423 1111 3478 Ped.
1135 3423 1204 3480 Voss
1219 3425 1222 3496 t

93 3530 110 3556 ,x
123 3501 164 3564 ιῖτ
193 3499 200 3576 J
226 3497 260 3545 16
279 3491 382 3558 quanto
401 3505 462 3546 noo:
481 3491 560 3546 tanto
578 3490 646 3558 ΒΟ,
664 3506 718 3559 quo
737 3489 895 3560 signatior
912 3491 939 3545 B
958 3508 1017 3561 sup.
1037 3493 1084 3547 lin.
