2474 4068
354 175 568 230 annuerunt}
586 183 699 232 sc—aa.
960 179 1025 244 239

88 319 141 384 38.
164 321 251 383 Nunc
268 322 305 384 de
320 321 426 383 Suebis
441 323 599 384 dicendum
614 331 672 405 est,
691 342 816 405 quorum
831 343 889 387 non
903 345 974 408 una,
991 334 1027 388 ut

20 411 196 472 Chattorum
215 411 465 472 Tencterorumve
488 429 574 493 gens3
597 415 737 473 maiorem
756 415 835 474 enim
853 415 1025 476 Germaniae

19 507 137 578 partem
160 501 307 578 optinent,
331 501 461 578 propriis
483 499 580 561 adhuc
604 499 772 561 nationibus
795 502 1024 582 nominibusque

20 589 158 667 discreti,
182 605 358 666 quamquam
380 590 411 649 in
434 606 590 649 commune
613 587 704 650 Suebi
727 597 877 651 vocentur.
910 593 1024 668 insigne

21 679 119 754 gentis
142 675 294 754 obliquare
312 676 426 737 crinem
443 676 579 755 nodoque
598 676 814 756 substringere:
835 680 877 738 sic
897 677 989 740 Suebi
1009 697 1052 744 as

21 767 132 825 ceteris
146 763 313 844 Germanis,
334 766 377 826 sic
392 763 557 826 Sueborum
572 767 693 844 ingenui
705 784 722 825 a
736 767 829 826 servis
844 775 1025 845 separantur.

20 857 51 912 in
74 851 140 913 aliis
154 850 292 934 gentibus
311 869 365 914 seu
383 855 556 931 cognatione
574 853 671 933 aliqua
686 852 852 914 Sueborum
866 872 931 935 seu,
947 854 1025 934 quod

21 959 111 1020 saepe
131 940 250 1021 accidit,
275 942 451 1022 imitatione,
470 958 570 1001 rarum
589 937 619 1001 c't
636 943 713 1002 intra
732 943 866 1003 iuventae
889 945 1025 1024 spatium,

21 1029 101 1106 apud
122 1027 236 1089 Suebos
261 1028 411 1107 usquead
431 1031 569 1090 canitiem
587 1028 757 1090 horrentem
777 1029 913 1108 capillum
932 1039 1025 1092 retor-

21 1124 129 1196 quent,
161 1134 194 1178 ac
226 1133 314 1195 saepe
345 1117 376 1177 in
408 1118 472 1195 ipso
503 1119 615 1178 vertice
646 1117 784 1198 religant3
816 1120 965 1196 principes
994 1127 1025 1179 et
1039 1146 1064 1186 ιο

22 1207 202 1265 ornatiorem
216 1203 333 1266 babent.
361 1223 395 1282 ea
409 1222 480 1286 cura
494 1205 617 1284 formae,
628 1205 680 1266 sed
690 1207 821 1287 innoria3
835 1223 931 1286 neque
946 1208 1024 1267 enim

21 1302 55 1354 ut
74 1299 174 1352 ament
196 1301 380 1372 amenturve,
403 1295 435 1354 in
453 1291 639 1353 altitudinem
662 1294 807 1372 quandam
832 1302 862 1356 et
881 1302 1026 1356 terrorem

21 1381 134 1440 adituri
147 1378 222 1465 bella
236 1383 346 1458 compti
357 1379 422 1458 [ut]
436 1380 567 1441 bostium
581 1380 674 1442 oculis
689 1390 840 1450 ornantur.
926 1405 932 1416 ’
1038 1383 1046 1400 ’

88 1465 141 1528 39.
173 1466 395 1529 Vetustissimos
424 1468 682 1548 nobilissimosque
710 1469 876 1532 Sueborum
905 1470 1025 1532 Semno-

22 1574 76 1616 nes
99 1564 277 1636 memorant3
300 1556 373 1618 fides
396 1559 579 1637 antiquitatis
602 1558 743 1636 religione
767 1559 908 1621 firmatur.
949 1567 1025 1620 stato

23 1654 157 1722 tempore
182 1645 213 1703 in
232 1643 334 1704 silvam
352 1647 485 1724 auguriis
506 1643 625 1725 patrum
642 1653 673 1706 et
690 1648 788 1724 prisca
807 1646 962 1707 formidine
980 1664 1025 1708 sa·

22 1750 105 1793 oram
128 1748 229 1792 omnes
255 1732 388 1793 eiusdem
406 1726 557 1812 sanguinis
580 1733 682 1813 populi
699 1733 894 1810 legationibus
918 1738 1026 1814 coqunt

22 1837 169 1898 caesoque
195 1819 313 1899 publice
336 1820 454 1882 homine
477 1821 627 1884 celebrant
649 1821 766 1882 barbari
784 1823 860 1882 ritus
878 1820 1051 1890 horrendas

22 1907 193 1986 primordia.
226 1915 271 1968 est
289 1916 319 1969 et
337 1908 392 1969 alia
406 1909 472 1970 luco
487 1912 665 1970 reverentia:
683 1926 769 1970 nemo
789 1911 846 1970 nisi
861 1909 976 1970 vinculo
992 1910 1024 1970 li·

22 2005 108 2074 gatus
122 1996 301 2074 ingreditur,
319 2004 353 2056 ut
367 1999 463 2057 minor
477 2004 508 2057 et
521 2005 697 2075 potestatem
711 1999 840 2058 numinis
853 2015 924 2076 prae
939 2015 970 2058 se
986 1999 1025 2059 le·

23 2103 101 2145 rens.
120 2086 147 2144 si
161 2084 236 2144 lortc
250 2084 405 2164 prolapsus
420 2092 474 2164 est,
489 2084 581 2146 attolli
595 2093 625 2146 et
638 2088 792 2164 insurgere
807 2086 884 2147 baud
898 2085 1026 2147 licitum:

23 2190 77 2251 per
100 2171 223 2232 humum
246 2172 429 2234 evolvuntur.
466 2191 560 2252 eoque
583 2175 678 2236 omnis
701 2176 872 2252 superstitio
896 2177 1026 2254 respicit,

24 2271 172 2338 tamquam
186 2260 255 2321 inde
268 2262 352 2324 initia
365 2263 469 2340 gentis,
483 2261 525 2320 ibi
540 2269 677 2340 regnator
690 2263 819 2322 omnium
829 2263 911 2342 deus,
928 2271 1025 2324 cetera
1040 2290 1066 2330 ιο

24 2348 157 2410 subiecta
176 2357 264 2427 atque
282 2352 423 2428 parentia.
448 2349 538 2410 adicit
556 2352 760 2412 auctoritatem
774 2352 892 2410 lortuna
906 2350 1026 2411 Semno-

23 2454 108 2497 num:
119 2443 245 2500 ,centum
263 2440 330 2518 pagi
343 2439 380 2498 iis
398 2435 577 2518 habitantur,
590 2455 754 2516 magnoque
764 2455 887 2516 corpora
898 2438 1026 2498 efficitur
1083 2506 1086 2512 ,

26 2533 59 2586 ut
73 2541 105 2586 se
121 2523 287 2586 Sueborum
301 2533 389 2605 caput
402 2525 533 2588 credant.

94 2729 146 2797 38,
169 2728 332 2797 tquamnis
351 2730 367 2784 b
385 2745 453 2786 corr.
472 2745 505 2786 ec
523 2744 608 2798 quum
631 2729 637 2798 Ι
664 2734 680 2784 c
707 2719 878 2796 retorquent
897 2730 1025 2802 Madvig:

22 2801 97 2855 retro
116 2802 269 2867 sequnntur
287 2802 441 2869 (secuntur,
460 2802 622 2868 sequentem
641 2799 677 2870 0)
691 2801 757 2855 libri
778 2804 925 2869 (retrosum
939 2806 1027 2872 egunt

23 2872 132 2938 Haupt,
150 2872 298 2924 recensent
315 2869 487 2937 Lachmann,
505 2873 666 2940 retorquere¹
685 2873 794 2925 suetum
812 2888 861 2926 noe
878 2875 1025 2941 quondam)

20 2945 24 3006 t
46 2944 80 3000 10
97 2945 160 3014 ipso
179 2945 250 3013 (solo
268 2961 288 3000 c.
304 2945 379 3065 υἱὲ
397 2943 456 2998 solo
476 2942 547 3012 (ipso
566 2959 586 2999 a.
601 2943 630 3010 l.)
648 2941 685 3010 B,
702 2943 764 3012 ipso
782 2943 843 2999 solo
863 2944 903 3012 Ol
926 2942 1026 2996 vertici

23 3011 201 3078 Lachmann,
220 3012 324 3064 cortice
372 3013 500 3082 epperdeg
520 3016 524 3080 Ι
548 3011 672 3080 religant
689 3011 743 3068 ule¹
758 3013 893 3092 religatur
911 3013 972 3080 Bb,
991 3012 1025 3065 li-

23 3081 135 3149 gantO
163 3084 168 3150 Ι
198 3085 230 3135 11
249 3079 363 3135 innoxia
382 3083 523 3138 Muretus:
542 3081 654 3136 innoxie
688 3085 692 3149 Ι
728 3088 759 3135 12
779 3081 884 3134 adrtnri
901 3081 978 3136 bella
995 3082 1025 3136 in

22 3153 94 3206 altit
115 3167 160 3219 qu.
180 3152 362 3206 citeriorem
380 3151 525 3208 Acidolius
553 3153 558 3222 Ι
590 3161 620 3207 13
640 3151 777 3220 comptius
796 3151 919 3204 hostium
937 3153 1026 3208 Laeb-

23 3239 117 3290 marm,
135 3237 185 3276 uos
202 3223 234 3275 ut
252 3224 413 3278 inclusimus
428 3227 432 3292 Ι
449 3224 593 3277 armantur
609 3223 685 3278 ΒΨ
701 3227 706 3289 Ι
721 3222 771 3288 39,
788 3229 800 3275 1
820 3221 1025 3278 vetustissimos

23 3308 52 3346 se
67 3293 200 3362 pleraque,
220 3307 250 3346 se
268 3309 318 3348 om.
337 3309 352 3347 c
369 3299 394 3348 et
411 3297 431 3348 2
450 3295 501 3347 olii
517 3297 521 3360 Ι
538 3308 654 3347 senones
669 3293 706 3359 b¹,
725 3307 851 3346 semones
866 3293 927 3361 Bu,
947 3303 1025 3348 seno·

22 3378 70 3416 nes
90 3365 107 3417 l.
126 3380 150 3418 u.
169 3364 200 3417 in
218 3362 441 3433 Blitpebn'nm
459 3363 692 3430 B0b¹tsacrum
709 3361 959 3430 BGb¹ttomnis
978 3367 1023 3438 (ll

22 3433 174 3500 eiusdemq;
193 3433 220 3486 B
251 3436 255 3500 Ι
285 3437 432 3490 Sestum.
453 3434 476 3488 O
498 3437 503 3500 l
533 3439 566 3487 12
585 3433 652 3502 pegi
669 3433 704 3486 iis
721 3432 885 3487 habitantur
905 3437 1025 3492 Broticra

22 3503 102 3572 pagis
121 3501 286 3558 habitantur
305 3503 395 3573 (pagis
414 3502 546 3557 hubitant
564 3505 686 3570 Ernesti)
