2474 4068
196 162 260 228 238
544 159 713 216 CORNELII
730 157 848 214 TACITI

196 311 307 371 inertes
324 327 359 370 ao
382 308 464 370 stulti
483 316 638 370 vocantur:
659 307 772 369 Chalcis
789 305 950 368 victoribus
969 305 1087 366 lorluna
1107 307 1142 366 in
1168 326 1208 367 sa-

99 417 104 424 ·
196 399 337 476 pientiam
356 400 454 458 cessit.
487 399 576 458 tracti
593 399 678 456 ruina
698 395 914 457 Cheruscorum
934 402 963 456 el
981 393 1064 475 Fosi,
1083 403 1208 456 conter-

197 487 275 546 mina
298 503 383 567 gens,
402 485 590 548 adversarum
608 503 708 546 rerum
729 502 764 545 ex
784 501 878 563 aequo
893 484 966 544 socii
980 493 1062 564 sunt,
1085 501 1164 544 cum
1181 487 1207 544 in

198 573 336 636 secundis
351 575 481 634 minores
496 574 632 635 luissent.

264 658 315 722 37.
339 661 472 722 Eundem
492 661 664 724 Germaniae
683 662 781 721 sinum
803 662 930 739 proximi
948 658 1064 721 Oceano
1088 657 1206 720 Cimbri

197 757 309 828 tenent,
331 766 419 826 parva
442 767 522 810 nnnc
545 750 661 828 civitas,
684 748 735 810 sed
759 748 850 826 gloria
874 751 985 827 ingens.
1030 749 1206 826 veterisque

198 838 291 898 lamae
314 835 371 897 leia
394 839 516 916 vestigia
539 845 671 916 manent,
695 845 819 915 utraque
843 839 905 916 ripa
931 843 1026 898 castra
1044 853 1078 896 ac
1098 839 1206 916 spatia,

199 942 325 1004 quorum
340 924 452 986 ambitu
466 943 545 987 nunc
560 943 678 1004 quoque
692 927 823 986 metiaris
837 925 943 986 molem
956 941 1124 1002 manusque
1134 942 1206 1002 gen·

172 1016 238 1079 stis
252 1022 282 1074 el
295 1021 354 1073 tam
369 1016 466 1093 magni
480 1015 577 1075 exitus
590 1013 687 1074 fidem.
713 1015 954 1074 sescentesimum
969 1022 999 1074 et
1013 1011 1207 1092 quadragesi·

199 1119 280 1162 mum
299 1119 408 1162 annum
430 1101 503 1163 urbs
526 1109 626 1162 nostra
646 1090 761 1182 agebal',
784 1118 852 1162 cum
870 1103 998 1179 primum
1013 1100 1206 1163 Cimbrorum

200 1190 298 1250 audita
321 1198 391 1251 sunl
412 1207 492 1252 arma
515 1188 641 1252 Caecilio
663 1188 779 1250 Metello
798 1196 827 1250 et
845 1188 961 1268 Papirio
980 1188 1115 1250 Carbone
1135 1208 1207 1251 con·

199 1277 322 1339 sulibus.
341 1297 377 1338 ex
391 1295 450 1357 qno
465 1280 490 1339 si
505 1278 539 1338 ad
554 1277 678 1339 alterum
693 1279 880 1357 imperatoris
889 1278 1005 1339 Traiani
1015 1277 1207 1341 consulatum

200 1373 418 1447 computemus,
440 1366 560 1427 ducenti
581 1367 673 1425 ferme
688 1374 717 1426 et
732 1366 834 1427 decem
848 1368 916 1426 anni
931 1364 1124 1443 colliguntur:
1144 1376 1206 1428 tam

161 1479 187 1519 ro
201 1454 251 1514 diu
270 1454 424 1515 Germania
442 1455 579 1514 vincitur.
615 1453 712 1513 medio
730 1461 788 1515 tam
812 1453 891 1532 longi
914 1455 977 1514 aevi
996 1455 1090 1532 spatio
1110 1455 1206 1518 mulla

201 1544 231 1602 in
246 1543 340 1602 vicem
355 1543 468 1604 damna.
493 1558 551 1602 non
567 1540 692 1620 Samnis,
706 1559 765 1602 non
779 1539 878 1622 Poeni,
892 1559 951 1602 non
965 1540 1124 1620 Hispaniae
1139 1543 1206 1604 Cal·

200 1630 304 1710 liaere,
327 1649 365 1692 ne
384 1629 484 1691 Parthi
499 1628 617 1708 quidem
638 1631 756 1708 saepius
770 1628 961 1692 admonuere:
986 1631 1094 1708 quippe
1109 1649 1205 1710 regno

200 1719 318 1780 Arsacis
332 1721 428 1780 acrior
442 1725 487 1778 est
501 1715 713 1778 Germanorum
726 1717 856 1778 libertas.
879 1717 950 1796 quid
964 1720 1042 1778 enim
1057 1717 1137 1779 aliud
1153 1739 1204 1782 no-

200 1805 247 1867 bis
266 1825 352 1886 quam
372 1806 491 1867 caedem
510 1803 621 1886 Crassi,
642 1807 748 1867 amisso
767 1813 797 1866 et
811 1807 875 1884 ipse
889 1805 1012 1887 Pacoro,
1034 1804 1111 1866 inira
1127 1805 1205 1868 Ven-

162 1919 187 1960 rs
201 1895 307 1956 lidium
330 1894 463 1954 deiectus
482 1892 588 1955 Oriens
614 1889 776 1956 obiecerit?
803 1901 832 1954 al
855 1893 992 1954 Germani
1015 1892 1150 1955 Carbone
1178 1905 1206 1956 el
1229 1963 1230 1978 ἢ

202 1982 303 2044 Cassio
334 1990 364 2042 el
396 1981 506 2044 Scauro
539 1982 658 2044 Aurelio
695 1990 724 2042 et
761 1981 884 2045 Servilio
917 1981 1061 2060 Caepione
1089 1979 1205 2044 Gnaeo·

202 2087 260 2149 que
274 2069 370 2131 Mallio
389 2070 463 2130 lusis
481 2069 526 2131 rel
545 2072 639 2148 capiis
659 2072 788 2149 quinque
803 2069 890 2130 simul
904 2068 1075 2131 consulares
1089 2075 1205 2132 exerci-

201 2167 251 2219 tus
269 2157 377 2237 populo
395 2156 539 2238 Romano,
562 2158 670 2218 Varum
689 2159 803 2237 trisque
824 2177 891 2218 cum
910 2176 945 2218 eo
963 2158 1094 2237 legiones
1113 2161 1207 2222 eliam

202 2246 320 2307 Caesari
338 2245 536 2327 abstulerunt3
559 2264 615 2306 nec
633 2248 753 2324 impune
771 2244 803 2306 C.
820 2245 931 2306 llarius
953 2248 983 2307 in
1002 2245 1097 2326 ltalia,
1116 2247 1206 2310 divus

163 2361 188 2401 20
201 2333 294 2396 lulius
317 2336 347 2394 in
366 2332 470 2413 Callia,
487 2333 601 2395 Drusus
624 2352 659 2395 ao
676 2333 753 2394 Nero
772 2340 802 2393 ei
820 2333 1011 2396 Germanicus
1028 2336 1060 2395 in
1074 2337 1138 2395 suis
1152 2355 1206 2397 eos
1230 2409 1231 2418 ἵ

202 2421 322 2484 sedibus
349 2423 554 2502 perculerunt:
591 2440 657 2484 mox
683 2423 818 2501 ingentes
836 2419 888 2483 Gai
905 2421 1039 2484 Caesaris
1056 2425 1155 2484 minae
1175 2428 1206 2486 in

201 2511 362 2572 ludibrium
388 2528 498 2572 versae.
538 2512 607 2572 inde
626 2512 731 2591 otium,
754 2510 847 2570 donec
866 2512 1019 2572 occasione
1038 2510 1206 2574 discordiae

202 2608 320 2660 nostrae
344 2608 374 2660 el
392 2601 521 2661 civilium
540 2616 688 2661 armorum
707 2600 880 2677 expugnatis
898 2598 1046 2677 legionum
1069 2598 1206 2662 hibernis

203 2689 291 2748 etiam
306 2687 412 2748 Callias
425 2689 623 2766 adsectarere;
637 2705 670 2748 ao
683 2704 789 2747 rursus
803 2686 872 2747 inde
885 2685 964 2766 pulsi
978 2687 1119 2765 proximis
1129 2695 1205 2750 tcm-

162 2800 189 2841 ss
202 2776 325 2855 poribus
340 2775 513 2854 triumphati
527 2777 619 2854 magis
634 2792 720 2854 quam
734 2776 806 2835 sicli
820 2782 897 2836 sunt.

273 2999 319 3066 86,
335 3005 349 3054 7
368 2997 439 3052 leoli
456 2998 575 3068 plerique
595 3000 599 3063 Ι
618 2995 673 3051 fosi
692 2997 755 3052 Cet
773 3013 841 3054 corr.
861 2999 889 3054 b:
908 2996 964 3054 fusi
980 2997 1049 3063 Bb!
1071 2995 1148 3064 nm
1169 2997 1206 3054 si·

203 3070 475 3138 inmblileieal.
492 3072 496 3136 1
513 3075 528 3122 4
544 3066 679 3122 ambitum
693 3067 781 3137 3¹01
798 3076 811 3123 7
827 3069 960 3148 ei]acC,
978 3067 1205 3140 undenorum!

205 3147 237 3195 14
266 3142 294 3194 et
321 3142 382 3210 ipso
410 3141 439 3193 ei
467 3139 527 3209 ipse
554 3140 658 3208 Boc}
685 3145 716 3194 la
744 3138 773 3192 L.
793 3137 889 3193 Cessro
908 3139 997 3194 Riltcr
1024 3140 1029 3206 Ι
1053 3137 1207 3206 Cnseoque

203 3229 264 3266 nos:
288 3210 382 3266 Marco
402 3225 511 3278 quoque
528 3211 569 3264 cel
586 3207 737 3282 Marcoque
755 3211 821 3264 libri
845 3209 905 3278 (Cn.
924 3223 1034 3288 quoqpe
1053 3209 1211 3336 Emeslsi‘p

206 3288 238 3336 17
256 3281 362 3336 blenlio
382 3280 479 3349 (idalio
497 3281 536 3349 B)
551 3280 674 3350 plerique
704 3289 707 3348 Ι
739 3285 770 3334 18
789 3279 887 3351 populi
903 3293 1011 3333 romnnr
1031 3279 1091 3347 (ro.)
1114 3279 1178 3335 Bb¹

210 3355 339 3423 {tresque
362 3350 488 3420 legiones
512 3367 574 3405 oum
597 3365 630 3404 eo
646 3350 687 3419 ΟΙ
704 3355 736 3405 19
761 3348 873 3404 Caesari
895 3350 1022 3418 Augusto
1045 3349 1207 3419 Ritler121

205 3422 463 3492 abspereulerunlb
479 3433 482 3489 ι
499 3427 533 3475 24
552 3421 618 3474 inde
636 3420 709 3490 pulsi
728 3419 757 3473 in
771 3417 904 3490 proximis
919 3421 944 3489 b,
962 3418 1036 3490 pulsi
1050 3417 1116 3473 inde
1131 3422 1208 3489 (nom

203 3509 225 3549 s.
244 3495 273 3564 l.)
290 3491 425 3564 proximis
443 3493 470 3546 B
489 3492 563 3560 (inde
583 3491 693 3560 depulsi
711 3508 737 3560 p.
757 3491 890 3557 Horam)
