2474 4068
375 169 578 226 Aoffloottn
597 176 675 226 5-o.
963 173 1029 237 249

21 321 65 381 lae
89 321 120 380 in
143 317 275 398 praediis
294 319 356 378 suis
379 318 541 398 interfecit,
564 317 741 398 praediaque
765 321 828 397 ipsa
847 327 877 380 et
893 337 1028 398 magnam

22 409 192 488 patrimonii
210 414 325 486 partem
339 406 475 486 diripuit,
494 424 568 484 quac
588 423 677 468 causa
691 407 789 466 caedis
804 408 907 468 luerat.
937 411 1058 486 igituro

23 497 58 557 ad
79 495 231 556 sollemnia
249 495 368 572 pietatis
391 494 541 572 proiectus
564 493 712 574 Agricola,
731 496 834 556 nuntio
857 494 994 556 adsectati
1012 514 1029 555 a

23 584 200 663 Vespasiano
224 583 342 660 imperii
365 581 568 660 deprehensus
595 600 628 642 ac
648 583 747 643 statim
766 585 796 642 in
816 591 915 660 partes
934 591 1028 644 trans·

24 689 144 751 gressus
166 678 220 732 est.
252 671 336 730 initia
350 671 533 749 principatus
547 688 581 730 ac
596 676 706 730 statum
720 670 803 731 urbis
817 669 971 732 Mucianus
984 688 1029 732 re·

24 760 122 840 gehat,
150 761 257 819 iuvene
285 757 442 818 admodum
465 757 630 818 Domitiano
654 766 683 818 et
708 777 744 818 ex
767 768 889 836 paterna
913 759 1030 820 lortuna

25 856 139 908 tantum
158 845 309 906 licentiam
327 853 498 924 usurpante.
520 847 546 905 is
565 847 689 906 missum
706 845 742 905 ad
757 846 883 907 dilectus
898 847 1026 926 agendos
1042 872 1072 912 ro

26 934 189 1014 Agricolam
216 935 391 1012 integreque
414 951 448 994 ac
471 940 591 994 strenue
615 941 764 995 versatum
786 935 964 995 vicensimae
990 935 1030 995 le·

25 1027 103 1100 gioni
118 1022 201 1084 tarde
215 1021 253 1081 ad
267 1028 484 1082 sacramentum
498 1029 699 1106 transgressae
713 1024 899 1102 praeposuit,
913 1021 967 1082 ubi
982 1023 1030 1083 de-

27 1129 126 1172 cessor
151 1110 292 1170 seditiose
320 1126 407 1187 agere
435 1108 623 1170 narrabatur:
648 1110 757 1188 quippe
780 1109 885 1187 legatis
914 1127 1031 1189 quoquc

27 1197 231 1260 consularibus
249 1198 340 1256 nimia
358 1214 392 1258 ac
413 1196 601 1258 formidolosa
621 1205 696 1277 erat,
720 1215 775 1257 nec
789 1197 903 1274 legatus
917 1206 1031 1276 praeto·

28 1290 88 1348 rius
103 1286 138 1347 ad
149 1283 346 1346 cohibendum
356 1293 470 1364 potens,
485 1287 632 1345 incertum
647 1303 700 1345 suo
715 1303 753 1345 an
768 1285 893 1346 militum
905 1287 1030 1363 ingenio.
1047 1311 1075 1352 ις,

27 1378 66 1435 ita
90 1389 245 1436 successor
269 1371 357 1433 simul
384 1381 414 1434 et
432 1372 512 1433 ultor
530 1372 642 1434 electus
661 1374 811 1434 rarissima
829 1373 1031 1435 moderatione

27 1462 129 1524 maluit
142 1461 238 1522 videri
251 1462 399 1521 invenisse
413 1460 507 1521 honos
522 1479 610 1539 quam
626 1461 740 1522 secisse.

93 1549 122 1612 8.
153 1549 293 1610 Praeerat
318 1555 389 1610 tunc
407 1548 577 1609 Britanniae
594 1547 709 1610 Vettius
727 1548 868 1629 Bolanus,
887 1549 1032 1628 placidius

30 1656 114 1718 quam
133 1638 226 1698 leroci
244 1637 396 1715 provincia
410 1636 531 1715 dignum
546 1644 599 1697 est.
636 1639 811 1714 temperavit
825 1637 960 1714 Agricola
974 1640 1032 1696 vim

30 1744 110 1786 suam
128 1725 325 1802 ardoremque
343 1726 540 1805 compescuit,
559 1743 596 1785 ne
615 1725 805 1804 incresceret,
819 1725 934 1802 peritus
948 1723 1032 1783 ohse-

30 1817 79 1893 qui
101 1812 296 1890 eruditusque
319 1812 403 1872 utilia
421 1811 554 1873 honestis
573 1813 706 1872 miscere.
741 1810 824 1871 hrevi
843 1811 949 1870 deinde
968 1810 1031 1871 Bri-

32 1903 125 1962 tannia
139 1899 327 1962 consularem
340 1898 477 1960 Petilium
492 1898 635 1960 Cerialem
649 1901 771 1978 accepit.
793 1897 961 1959 habuerunt
974 1901 1031 1959 vir·
1046 1923 1062 1966 s

30 1997 106 2050 tutes
120 1990 249 2068 spatium
262 1985 478 2067 exemplorum,
500 1986 552 2047 sed
570 1989 666 2065 primo
681 1986 802 2048 Cerialis
816 1985 932 2047 labores
946 1988 1032 2048 modo

31 2086 59 2137 et
81 2077 264 2156 discrimina,
286 2092 355 2135 mox
378 2082 408 2135 et
426 2073 549 2153 gloriam
572 2075 820 2137 communicabat:
844 2093 931 2155 saepe
956 2077 1033 2156 parti

32 2167 177 2226 exercitus
199 2165 230 2224 in
254 2165 502 2243 experimentum,
525 2162 681 2242 aliquando
704 2163 866 2224 maioribus
886 2167 979 2242 copiis
998 2182 1034 2224 ex

32 2261 134 2314 eventu
149 2251 300 2331 praefecit.
332 2269 388 2311 nec
402 2250 537 2335 Agricola
556 2269 695 2331 umquam
714 2253 745 2312 ln
764 2269 846 2312 suain
862 2251 967 2312 lamam
986 2270 1034 2330 ge·

33 2343 84 2400 stis
98 2340 268 2401 exsultavit:
286 2339 323 2399 ad
342 2347 494 2400 auctorem
513 2357 546 2400 ac
566 2339 671 2400 ducem
689 2347 724 2400 ut
735 2341 872 2400 minister
886 2339 1034 2400 fortunam
1050 2364 1077 2403 ro

33 2429 183 2490 referetut.
214 2429 254 2488 ita
273 2429 383 2487 virtute
401 2429 432 2487 in
451 2426 656 2507 obsequendo,
675 2426 852 2487 verecundia
871 2428 901 2485 in
920 2425 1035 2503 praedi·

34 2516 124 2577 cando
138 2522 222 2578 extra
236 2515 375 2574 invidiam
390 2531 445 2576 nec
460 2523 542 2575 extra
557 2515 679 2592 gloriam
694 2521 765 2574 erat.

97 2601 126 2665 9.
149 2603 357 2664 Revertentem
375 2601 412 2662 ah
431 2601 576 2680 legatione
589 2601 713 2678 legionis
733 2600 818 2661 divus
838 2598 1035 2678 Vespasianus

34 2692 108 2752 inter
118 2692 259 2770 patricios
269 2690 405 2770 adscivit,
419 2707 453 2750 ac
468 2688 573 2750 deinde
588 2689 756 2768 provinciae
766 2689 940 2768 Aquitaniae
953 2707 1035 2768 prae-

34 2781 137 2859 posuit,
156 2778 326 2857 splendidae
345 2779 481 2856 inprimis
496 2777 647 2855 dignitatis
669 2777 921 2838 administratione
936 2795 969 2838 ac
984 2794 1036 2855 spe

34 2867 215 2946 consulatus,
233 2867 283 2926 cui
301 2866 471 2926 destinarat.
499 2865 626 2926 credunt
644 2865 778 2945 plerique
797 2864 974 2926 militaribus
993 2867 1036 2924 in-

103 3000 158 3068 Η
177 2999 258 3068 pates
277 3001 304 3053 A
333 3001 338 3066 l
365 3000 445 3054 sest
461 2999 490 3053 B
503 3005 566 3068 post
585 2999 773 3070 deprehensus
792 3000 870 3055 tedet
889 3000 894 3067 Ι
916 3003 948 3051 12
968 2999 987 3051 t.
1007 2996 1037 3050 in

35 3067 179 3123 Britannia
201 3067 365 3138 praeposuit
383 3069 474 3126 Ritter
503 3072 509 3150 Ι
537 3069 595 3124 Sub
614 3071 758 3125 decessore
778 3069 911 3138 Madotp,
936 3066 1031 3136 [ubi..

35 3140 215 3262 narrabatur}
236 3139 317 3206 Wee,
336 3155 407 3207 quae
427 3139 560 3194 seditiose
580 3155 663 3209 egere
681 3137 860 3202 nemabetur3
879 3135 994 3204 qnippe.
1006 3137 1037 3192 .f.

36 3213 106 3278 erat,
124 3225 176 3264 nec
217 3225 326 3265 ecessor
344 3209 382 3264 ed
400 3211 586 3265 cohibendum
603 3228 631 3280 p.
660 3210 766 3264 Urlichs
794 3211 799 3273 l
830 3205 1038 3262 1tconsu1sris

34 3281 72 3334 vis
92 3278 306 3352 nimiaMados'p
321 3282 325 3349 Ι
341 3280 368 3347 8,
384 3287 399 3334 1
418 3281 526 3335 vectius
544 3281 661 3336 solanus
679 3279 707 3332 A
723 3281 727 3346 Ι
743 3283 759 3331 2
779 3278 854 3331 esset
870 3276 1036 3351 Acidoiiusl

36 3351 152 3405 tnimis
170 3351 339 3406 incresceret
358 3352 510 3419 Promnrer,
533 3350 713 3404 insolesceret
737 3347 905 3404 Cornelissen
929 3351 934 3412 Ι
959 3348 1039 3403 obse-

36 3421 91 3489 quii
110 3422 202 3477 Bitter
217 3423 222 3488 l
239 3427 271 3475 11
286 3421 315 3476 in
330 3422 505 3490 exsequendo
523 3422 588 3476 Ped.
599 3420 666 3476 Voss
681 3421 686 3490 Ι
701 3419 749 3487 9,3
765 3417 905 3489 dignitate
920 3419 1038 3473 admini-

37 3490 179 3548 strationis
188 3491 293 3564 Rs'pler,
313 3498 376 3548 ato.
389 3492 422 3546 P.
433 3491 470 3546 D.
479 3491 626 3562 Heooiops
644 3493 675 3546 tn
684 3492 759 3546 Asso.
770 3492 839 3560 plu'l.
854 3494 929 3546 1866
943 3506 973 3559 p.
984 3494 1039 3546 377
