2474 4068
399 199 604 258 Auniconen
622 209 735 259 24-27.
1003 205 1066 270 261

55 347 133 428 puli,
147 355 254 426 paratu
268 364 382 427 magno,
404 351 514 409 maiore
529 349 613 430 lama,
632 353 677 410 uti
691 369 755 410 mos
770 361 816 413 est
830 351 866 411 de
881 353 998 433 ignotis,
1018 371 1067 432 op·
1083 374 1108 415 15

56 453 194 514 pugnare
217 433 297 495 ultro
317 435 436 497 castella
460 436 570 516 adorti,
594 445 705 498 metum
724 447 758 499 ut
775 448 969 518 provocantes
987 439 1068 501 addi-

56 524 182 604 derant3
214 522 502 604 regrediendumque
526 527 600 585 citra
622 525 793 586 Bodotriam
815 534 845 587 et
867 527 1068 588 excedendum

56 614 161 690 potius
180 629 269 689 quam
286 610 471 688 pellerentur·
487 614 585 691 ignavi
602 616 701 690 specie
720 614 912 692 prudentium
931 616 1069 675 admone·

58 700 146 780 bant,
166 716 235 759 cum
254 700 374 758 interim
388 703 540 778 cognoscit
553 700 647 761 bostis
661 701 797 780 pluribus
812 702 977 781 agminibus
992 705 1068 763 irru-

57 795 175 866 pturos.
200 804 234 847 ac
253 804 291 847 ne
306 795 465 864 superante
478 806 601 849 numero
621 797 651 849 et
664 792 770 868 peritia
784 788 917 850 locorum
931 793 1067 851 circumi·
1082 813 1109 852 ro

58 884 155 954 retur,
170 874 262 935 diviso
278 876 386 952 etipse
403 877 434 935 in
449 877 504 936 tris
517 884 617 955 partes
631 879 764 937 exercitu
779 879 909 939 incessit.

129 959 179 1024 26.
203 962 289 1033 Quod
307 961 360 1022 ubi
378 965 528 1042 cognitum
551 963 643 1044 hosti,
671 972 783 1025 mutato
802 973 925 1044 repente
945 966 1067 1026 consilio

59 1052 195 1111 universi
209 1067 316 1110 nonam
330 1048 478 1130 legionem
487 1060 520 1112 ut
529 1054 654 1112 maxime
664 1052 820 1113 invalidam
829 1061 917 1113 nocte
927 1053 1068 1134 adgressi,

59 1142 141 1199 inter
149 1155 284 1198 somnum
294 1155 328 1198 ac
338 1139 565 1217 trepidationem
575 1141 669 1200 caesis
679 1140 816 1218 vigilibus
830 1143 975 1219 irrupere.
998 1142 1068 1201 iam·

60 1245 121 1306 que
139 1227 170 1286 in
190 1226 264 1305 ipsis
283 1229 389 1288 castris
407 1227 608 1309 pugnabatur,
635 1245 703 1288 cum
717 1227 852 1306 Agricola
867 1231 924 1288 iter
937 1228 1068 1289 hostium

60 1314 98 1375 ab
123 1312 360 1392 exploratoribus
381 1314 504 1375 edoctus
527 1322 558 1375 et
580 1317 711 1394 vestigiis
735 1318 897 1396 insecutus,
920 1316 1095 1377 velocissie

60 1419 127 1463 mos
141 1403 275 1481 equitum
294 1401 486 1480 peditumque
500 1402 648 1463 adsultare
663 1405 754 1482 tergis
769 1406 963 1484 pugnantium
977 1403 1069 1482 iubet,

60 1508 130 1551 mox
144 1490 180 1550 ab
194 1491 342 1550 universis
356 1490 434 1551 adici
448 1490 619 1572 clamorem;
645 1499 674 1552 et
692 1495 859 1571 propinqua
878 1492 944 1553 luce
959 1491 1069 1553 fulsere

61 1581 154 1657 signa.
192 1579 233 1638 ita
252 1579 375 1656 ancipiti
392 1577 468 1638 malo
487 1581 586 1639 territi
603 1579 750 1660 Britanni,
774 1587 804 1640 et
822 1579 961 1640 Romanis
980 1580 1070 1640 rediit

61 1668 187 1745 animus,
208 1683 241 1726 ac
256 1668 355 1725 securi
368 1683 423 1743 pro
438 1665 532 1726 salute
548 1666 584 1727 de
599 1666 691 1744 gloria
705 1666 866 1727 certabant.
903 1667 981 1727 ultro
996 1669 1069 1746 quin

61 1757 150 1814 etiam
165 1770 304 1833 erupere,
318 1760 349 1813 ot
362 1753 418 1813 luit
431 1761 515 1814 atrox
529 1755 560 1813 in
573 1756 647 1832 ipsis
660 1761 812 1831 portarum
827 1756 971 1832 angustiis
984 1771 1069 1832 proe·
1084 1775 1110 1816 ιο

61 1842 148 1921 lium,
163 1841 257 1901 donec
270 1840 349 1918 pulsi
363 1840 465 1901 hostes
471 1887 480 1920 ,
499 1849 628 1920 utroque
648 1843 781 1902 exercitu
796 1848 938 1922 certante,
955 1841 1017 1922 bis,
1036 1850 1070 1903 ut

61 1929 167 1990 tulisse
182 1946 282 2008 opem,
300 1927 371 2008 illis,
391 1945 429 1988 ne
444 1931 561 2007 eguisse
575 1928 682 1989 auxilio
702 1930 880 1989 viderentur.
918 1929 1070 2008 quodnisi

60 2015 185 2096 paludes
204 2023 234 2076 et
252 2015 341 2076 silvae
365 2016 512 2094 fugientes
532 2019 687 2098 texissent,
715 2015 892 2078 debellatum
911 2017 959 2078 illa
979 2019 1069 2078 victo·

61 2107 105 2166 ria
124 2105 209 2165 foret.

128 2189 180 2254 27.
204 2191 294 2252 Cuius
316 2191 498 2251 conscicntia
516 2210 550 2252 ac
569 2193 645 2253 lama
663 2194 746 2253 ferox
761 2194 909 2254 exercitus
924 2189 998 2253 nihil
1012 2195 1069 2253 vir·

60 2283 120 2341 tuti
136 2296 207 2341 suae
222 2280 333 2339 invium
343 2285 373 2339 et
382 2280 594 2357 penetrandam
604 2279 790 2342 Caledoniam
799 2281 1069 2360 inveniendumque

59 2367 182 2429 tandem
195 2366 363 2428 britanniae
378 2370 538 2428 terminum
552 2371 691 2430 continuo
710 2368 892 2446 proeliorum
906 2386 997 2429 cursu
1012 2369 1069 2428 ire-

59 2455 190 2517 mebant
230 2461 319 2534 atque
342 2453 385 2514 illi
407 2454 494 2514 modo
518 2457 597 2516 cauti
620 2473 654 2516 ac
677 2458 825 2533 sapientes
847 2456 978 2533 prompti
1000 2463 1069 2533 post

60 2550 202 2605 eventum
224 2560 259 2603 ac
280 2541 462 2621 magniloqui
485 2549 577 2603 erant
618 2544 805 2621 iniquissima
826 2541 899 2602 baec
922 2540 1095 2606 bellorume

60 2630 198 2692 condicio
213 2637 271 2691 est:
293 2647 436 2709 prospera
451 2647 553 2690 omnes
568 2629 625 2689 sibi
638 2629 797 2710 vindicant,
812 2630 934 2690 adversa
948 2632 1001 2691 nni
1015 2633 1068 2690 im·

59 2725 214 2799 putantur.
250 2724 280 2777 at
297 2716 432 2778 Britanni
450 2735 509 2778 non
527 2719 637 2779 virtute
655 2736 696 2798 se,
719 2717 772 2778 sed
791 2719 945 2779 occasione
960 2726 990 2780 et
1004 2725 1068 2779 arte

60 2806 147 2868 ducis
166 2808 259 2867 victos
277 2807 347 2885 rati,
371 2805 444 2866 nibil
463 2823 499 2866 ex
518 2806 688 2885 adrogantia
706 2807 867 2887 remittere,
892 2825 950 2886 quo
969 2808 1068 2867 minus

59 2897 245 2955 iuventutem
259 2901 416 2974 armarent,
429 2895 570 2973 coniuges
580 2912 613 2954 ac
620 2894 731 2954 liberos
740 2896 771 2955 in
780 2894 844 2956 loca
853 2902 917 2956 tuta
929 2895 1068 2955 transfer·

78 3170 84 3181 ἱ
131 3097 182 3165 at,
197 3101 230 3152 15
249 3112 438 3166 oppugnasse,
456 3113 504 3151 em.
522 3095 694 3184 Rhenanus!
714 3103 749 3151 20
768 3096 979 3176 circumirentur
997 3097 1036 3150 Li
1046 3128 1066 3177 .-

58 3168 267 3320 pudicit
283 3170 336 3318 {ll
347 3165 620 3306 {leutbaldi
631 3166 1068 3305 ttl'tttftltilltutut

57 3307 210 3378 intulisset
228 3315 260 3363 13
278 3307 565 3376 renssentB127,2
584 3307 789 3376 penetrandum
807 3306 835 3361 Β
854 3308 1066 3375 (penetrandum

57 3379 89 3432 in
107 3378 229 3445 Dronke)
245 3381 250 3449 Ι
266 3385 282 3433 3
300 3376 447 3447 praelium,
466 3394 513 3433 em.
529 3377 680 3432 Rbeaunor
695 3379 731 3447 17
751 3392 781 3431 se
799 3379 863 3433 odd.
879 3376 989 3434 Brotier
1003 3383 1067 3448 post

58 3448 149 3517 ducis,
167 3466 192 3505 o.
210 3449 250 3504 H.
269 3451 298 3516 ,9,
312 3453 347 3503 44
365 3448 559 3517 praetorianus
577 3446 658 3502 miles
675 3463 733 3502 non
750 3446 854 3503 virtute
874 3463 916 3516 se,
936 3447 985 3503 sed
1002 3464 1066 3517 pro·

57 3519 169 3574 ditione
186 3519 292 3575 victum
310 3518 448 3573 fremebat
462 3520 467 3588 Ι
483 3520 499 3573 8
518 3517 608 3572 victos
627 3519 691 3574 add.
709 3518 820 3574 Brotier
