2474 4068
262 155 358 210 DIAL.
377 156 424 211 DE
444 157 669 214 ORATORIBUS
690 167 801 216 16-18.
975 163 1038 226 291

27 306 115 366 divus
136 304 292 382 Augustus
311 306 343 364 in
363 303 461 365 locum
480 305 590 366 Pansae
609 315 640 366 et
661 305 750 368 Hirtii
765 325 797 368 se
817 315 846 368 et
864 308 897 379 Q.
916 310 1039 371 Pedium

27 392 169 456 consules
188 393 313 453 sullccit.
351 399 448 453 statue
467 411 518 454 sex
537 401 566 454 et
581 397 792 474 quinquaginta
807 414 907 477 annoS,
931 399 1039 476 quibus
1054 422 1079 462 ro

29 501 95 543 mox
115 482 203 542 divus
222 480 374 558 Augustus
393 481 623 559 rempublicam
642 486 732 563 rexit3
755 484 837 544 adice
852 484 964 546 'liberii
978 494 1040 546 tres

30 579 61 630 et
72 571 193 649 viginti,
218 576 247 628 et
261 587 354 647 prope
369 569 596 647 quadriennium
610 569 675 650 Gai,
699 589 733 630 ac
752 570 798 630 bis
817 579 976 651 quaternos
991 574 1040 634 de·

30 677 83 718 uos
99 657 218 719 Claudii
233 663 263 717 et
276 655 403 716 Neronis
417 674 522 737 annos,
545 665 633 736 atque
651 657 735 719 illum
749 658 856 720 Galbae
871 668 900 720 et
915 659 1040 722 Othonis

29 757 59 807 et
77 745 181 806 Vitelli
198 745 319 823 longum
334 752 364 805 et
378 762 471 805 unum
486 763 607 825 aunum,
626 764 660 806 ac
680 754 791 807 sextam
805 750 863 808 iam
878 747 972 809 felicis
986 749 1040 810 hu-

28 839 74 895 ius
94 835 283 913 principatus
307 835 476 913 stationem,
505 851 562 911 quo
586 832 782 912 Vespasianus
805 854 867 895 rem
890 836 1040 915 publicam
1054 858 1080 899 15

30 924 123 983 iovet:
143 929 266 982 centum
285 928 316 980 et
333 923 437 999 viginti
455 923 525 980 anni
543 920 579 980 ab
597 923 720 982 interitu
740 921 891 983 Ciceronis
909 927 941 984 in
959 925 1039 986 hunc

28 1012 105 1072 diem
122 1009 319 1088 colliguntur,
337 1011 427 1069 unius
445 1007 573 1068 hominis
592 1016 679 1069 aetas.
703 1026 769 1070 nam
784 1012 849 1087 ipse
864 1027 917 1088 ego
931 1013 963 1071 in
976 1012 1039 1074 Bri·

29 1101 130 1160 tannia
144 1097 207 1158 vidi
221 1114 331 1176 senem,
345 1097 398 1175 qui
412 1114 443 1156 se
459 1097 601 1156 fateretur
616 1098 643 1156 ei
657 1114 773 1175 pugnae
786 1098 967 1178 interfuisse,
982 1117 1040 1178 qua

28 1189 187 1249 Caesarem
225 1185 401 1245 inferentem
433 1201 514 1244 arma
547 1183 682 1244 Britanni
715 1203 817 1246 arcere
845 1185 982 1246 litoribus
1010 1195 1040 1246 et

28 1275 140 1354 pellere
156 1273 290 1351 adgressi
304 1279 382 1333 suut.
409 1273 451 1332 ita
465 1273 492 1332 si
505 1289 586 1352 eum,
605 1274 657 1350 qui
671 1280 800 1333 armatus
816 1272 846 1333 C.
861 1273 979 1334 Caesari
993 1292 1038 1335 re·
1053 1296 1079 1334 so

29 1366 115 1443 stitit,
130 1361 178 1422 vel
195 1362 348 1439 captivitas
362 1359 409 1420 vel
427 1359 561 1419 voluutas
585 1359 631 1420 vel
649 1361 742 1421 latum
756 1361 874 1440 aliquod
888 1363 918 1421 in
933 1361 1039 1423 urbem

30 1451 236 1530 pertraxisset,
259 1466 352 1527 aeque
375 1448 455 1508 idem
478 1454 508 1507 et
526 1447 681 1509 Caesarem
700 1451 799 1527 ipsum
817 1457 847 1510 et
866 1449 1039 1512 Ciceronem

29 1541 133 1602 audire
153 1539 250 1616 potuit
274 1544 304 1596 et
326 1537 436 1596 nostris
460 1554 577 1614 quoque
600 1536 766 1597 actionibus
789 1539 943 1599 interesse.
970 1557 1037 1617 pro·

31 1632 108 1689 ximo
130 1625 250 1706 quidem
271 1625 420 1702 congiario
438 1625 497 1701 ipsi
515 1624 631 1684 vidistis
649 1623 807 1703 plerosque
822 1642 917 1704 senes,
941 1628 1039 1704 quise

31 1717 127 1777 adiro
144 1731 263 1794 quoque
276 1711 410 1790 Augusto
425 1710 515 1772 semel
533 1719 621 1790 atque
636 1713 745 1771 iterum
759 1713 909 1788 accepisse
923 1715 1039 1790 congia·
1053 1733 1078 1773 aa

31 1807 107 1865 rium
126 1801 296 1862 narrabant.
334 1818 369 1861 ex
394 1818 451 1878 quo
476 1799 573 1876 colligi
591 1805 690 1877 potest
709 1807 740 1859 et
757 1798 916 1859 Corvinum
931 1799 1039 1860 abillis

31 1901 58 1952 et
72 1893 210 1952 Asinium
225 1889 321 1950 audiri
334 1889 480 1967 potuisse3
504 1904 572 1947 nam
590 1887 734 1948 Corvinus
753 1888 785 1946 in
798 1887 929 1948 medium
943 1906 1038 1967 usque

30 1981 159 2059 Augusti
172 1979 380 2057 principatum,
394 1975 514 2035 Asinius
522 1992 616 2053 paene
631 1974 666 2035 ad
682 1982 847 2036 extremum
861 1976 986 2056 duravit,
1001 1994 1039 2036 ne

30 2068 169 2130 dividatis
184 2064 333 2126 saeculum
340 2110 349 2144 ,
369 2070 399 2124 et
413 2065 550 2142 antiquos
569 2081 602 2124 ac
616 2070 732 2124 veteres
746 2065 882 2124 vocitetis
897 2071 1039 2146 oratores,

30 2175 106 2236 quos
125 2155 288 2216 eorundem
306 2152 458 2213 hominum
477 2169 563 2212 aures
581 2151 762 2230 adgnoscere
776 2170 810 2212 ac
824 2151 904 2212 velut
918 2155 1038 2213 coniuu-
1053 2174 1079 2214 eo
1115 2179 1118 2188 ¹

30 2263 100 2324 gere
116 2252 147 2304 et
161 2241 300 2321 copulare
313 2247 484 2319 potuerunt.

101 2329 151 2394 18.
174 2329 253 2391 Haec
274 2330 341 2390 idco
361 2327 507 2407 praedixi,
531 2334 564 2387 ut
585 2329 610 2387 si
631 2346 689 2406 qua
711 2345 747 2387 ex
767 2327 875 2387 horum
888 2333 1039 2387 oratorum

31 2421 109 2481 lama
132 2417 284 2498 gloriaque
310 2415 374 2477 laus
397 2413 582 2493 temporibus
604 2415 785 2493 adquiritur,
814 2431 879 2473 eam
902 2413 1038 2474 docerem

31 2511 61 2569 iu
81 2507 181 2568 medio
200 2507 286 2566 sitam
305 2511 335 2564 et
357 2505 527 2583 propiorem
545 2500 632 2563 uobis
647 2518 734 2580 quam
749 2499 852 2560 Servio
867 2499 974 2560 Galbae
989 2509 1040 2561 aut

31 2596 61 2657 C.
77 2596 184 2657 Laelio
199 2599 253 2654 aut
269 2593 299 2653 0.
314 2591 441 2652 Carboni
455 2608 588 2670 quosque
603 2589 676 2649 alios
690 2589 795 2648 merito
806 2589 944 2665 antiquos
953 2607 1037 2650 voca·

32 2686 178 2763 rerbous3
192 2689 262 2742 sunt
271 2681 350 2740 enim
359 2679 473 2739 horridi
483 2685 513 2738 et
526 2677 651 2756 impoliti
665 2683 695 2736 et
709 2676 799 2736 rudes
814 2683 843 2737 et
856 2676 999 2738 informes
1009 2685 1065 2739 eta

33 2789 107 2843 ques
122 2772 236 2832 utinam
250 2767 330 2829 nulla
343 2773 427 2847 parte
441 2768 573 2827 imitatus
588 2765 779 2826 essetCalvus
793 2771 891 2826 vester
906 2774 957 2828 aut
970 2766 1039 2827 Cae-

35 2992 40 3004 ·
103 2923 149 2989 17,
166 2928 200 2976 10
221 2919 260 2976 VI
278 2919 405 3000 Lipsius:
432 2935 535 3000 nouem
559 2918 622 3002 (Vll
640 2918 755 2986 Steiner)
786 2921 790 2986 Ι
820 2924 859 2998 13ι
877 2916 1038 2998 istum-lib,

33 2989 833 3137 tenueritdelitiscentiumtrouu
846 2987 1039 3135 :triduo

34 3135 63 3187 F
85 3135 90 3204 Ι
116 3131 143 3186 ei
162 3133 303 3186 Muretus:
323 3132 352 3184 et
377 3133 381 3199 ι
407 3137 439 3184 19
454 3128 583 3184 Britanni
601 3129 726 3184 Eroestc':
744 3075 903 3180 lucanaria
923 3123 947 3177 0
971 3126 975 3192 Ι
1004 3130 1038 3178 22

34 3219 123 3272 aequo
141 3202 218 3256 idem
235 3201 350 3258 Nissen:
375 3199 536 3268 etquidem
565 3202 569 3267 Ι
598 3206 631 3253 nt
652 3192 960 3264 Corvinus..Asinius]
977 3193 1039 3247 Asi-

34 3273 108 3330 nius.
121 3272 270 3330 .Corvinus
289 3272 422 3342 Borghesi
439 3271 506 3340 Opp.
517 3271 543 3335 I,
554 3274 609 3323 410
625 3270 629 3336 1
645 3266 780 3337 medium]
800 3266 954 3320 extremum
967 3264 1039 3334 Niga

34 3347 132 3416 concy
157 3348 161 3412 l
187 3350 220 3398 29
241 3342 371 3411 antiquos
391 3358 424 3396 ac
442 3342 567 3395 recentes
585 3338 734 3405 Eckstec'ol
754 3335 885 3390 uocitatis
906 3334 973 3389 OF:
991 3350 1039 3389 uo-

36 3416 103 3470 cetis
122 3415 171 3471 Bb
197 3417 201 3484 1
227 3413 303 3481 18‚e
324 3430 385 3468 eam
403 3428 464 3468 uos:
485 3410 621 3479 eandeml
641 3415 658 3462 4
676 3407 772 3462 Laelio
792 3407 841 3461 out
860 3405 887 3460 C.
907 3406 1040 3486 srqaplecit

35 3486 124 3543 Ritter
137 3491 287 3556 praecaute
306 3483 484 3554 Sebultiopc'o,
502 3483 537 3549 cf.
557 3497 578 3536 c.
596 3483 687 3549 2516
706 3478 736 3532 in
753 3477 812 3532 ulle
831 3476 862 3531 F
878 3478 922 3546 (ne
940 3493 971 3529 m
988 3474 1040 3528 ille

825 3564 879 3620 19*
