2474 4068
347 183 560 239 submittat
580 191 691 240 15-19.
951 183 1015 249 229

10 353 63 395 res
79 333 270 412 exquisitius,
292 339 326 392 ut
341 332 448 411 quibus
463 332 560 393 nullus
575 351 628 411 per
642 333 818 394 commercia
832 332 937 393 cultus.
966 331 1016 393 eli·

10 429 89 501 gunt
104 421 182 481 ieras
197 427 226 481 et
240 419 370 481 detracta
384 419 526 481 velamina
540 429 683 499 spargunt
695 419 818 480 maculis
832 419 1016 499 pellibusque

9 510 183 590 beluarum,
198 525 271 587 quas
286 510 414 569 exterior
424 508 559 569 Oceanus
573 516 661 587 atquc
675 509 808 586 ignotum
822 525 901 568 mare
915 510 1016 588 gignit.

10 617 71 660 nec
90 597 166 658 alius
184 597 301 656 leminis
321 613 408 675 quam
422 598 494 657 viris
508 595 635 677 habitus,
649 598 707 656 nisi
722 595 800 676 quod
815 595 941 657 laminae
956 613 1016 657 sae·

11 689 84 766 pius
106 685 192 746 lineis
212 683 367 745 amictibus
386 684 520 745 velantur
534 703 643 763 eosque
657 701 790 763 purpura
804 686 929 764 variant,
951 702 1014 763 par-
1031 707 1056 746 ro

13 784 139 853 temque
152 774 278 834 restitus
293 775 456 851 superioris
470 775 501 833 in
515 775 644 834 manicas
657 791 716 833 non
732 772 907 852 extendunt,
921 772 1016 832 nudae

10 862 138 924 brachia
165 878 199 922 ac
226 858 364 940 lacertos3
392 860 444 922 sed
471 869 501 921 et
526 863 659 939 proxima
686 878 754 939 pars
777 863 906 938 pectoris
928 868 1017 939 patet.

12 966 194 1030 quamquam
209 965 310 1009 severa
328 947 388 1009 illic
401 950 594 1030 matrimonia,
608 967 663 1009 nec
676 948 766 1010 ullam
779 966 895 1009 morum
904 955 1018 1028 partem

11 1039 111 1116 magis
124 1035 297 1097 laudaveris.
332 1054 400 1096 nam
418 1055 510 1117 prope
529 1037 584 1097 soli
601 1035 794 1097 barbarorum
809 1036 931 1114 singulis
947 1054 1017 1097 uxo·

12 1127 100 1186 ribus
115 1125 248 1186 contenti
261 1131 339 1202 sunt,
353 1127 484 1203 exceptis
498 1124 653 1185 admodum
668 1126 783 1202 paucis,
807 1126 859 1203 qui
876 1142 936 1185 non
954 1122 1017 1184 libi·
1032 1147 1057 1187 15

14 1216 96 1294 dine,
112 1212 163 1273 sed
179 1211 216 1273 cb
231 1211 413 1273 nobilitatem
426 1212 561 1290 pluribus
575 1215 687 1291 nuptiis
700 1211 878 1272 ambiuntur.

86 1297 136 1364 18.
159 1298 263 1360 Dotem
290 1317 349 1360 non
372 1318 447 1360 uxor
465 1302 583 1378 marito,
606 1301 658 1361 sed
677 1302 763 1369 uxori
780 1301 905 1361 maritus
924 1300 1017 1361 offert.

12 1393 166 1452 intersunt
178 1394 316 1466 parentes
330 1396 360 1448 et
374 1389 533 1467 propinqui
550 1407 583 1449 ac
598 1406 721 1450 munera
736 1387 877 1469 probant,
895 1405 1018 1449 munera

12 1497 77 1540 non
87 1477 124 1538 ad
134 1475 254 1536 delicias
264 1474 423 1537 muliebres
434 1479 565 1555 quaesita
582 1494 637 1536 nco
652 1475 758 1556 quibus
774 1494 848 1536 nora
862 1485 953 1556 nupta
970 1495 1017 1537 co·

12 1564 183 1646 matur,sed
194 1563 629 1643 baresetirenatumequumet
639 1573 756 1626 scutum
766 1583 834 1625 cum
844 1564 1018 1643 frameagla·

13 1657 135 1733 dioque.
162 1654 194 1713 in
212 1652 285 1713 haec
303 1670 425 1713 munera
443 1670 519 1714 uror
533 1655 685 1731 accipitur,
700 1660 787 1731 atque
802 1655 832 1711 in
847 1654 940 1712 ricem
955 1654 1044 1730 ipsas

13 1759 166 1804 armornm
185 1739 294 1819 aliquid
313 1742 375 1800 viro
399 1740 507 1802 adiert:
534 1740 590 1801 hoc
604 1742 761 1800 maximum
775 1739 934 1820 vinculum,
947 1738 1019 1799 haec

8 1847 123 1894 arcana
138 1846 230 1910 sacra,
250 1828 303 1889 hos
318 1828 486 1907 coniugales
500 1828 571 1888 deos
586 1827 776 1888 arbitrantur.
813 1844 850 1888 ne
865 1845 897 1887 se
911 1826 1018 1888 mulier

15 1926 100 1980 extra
121 1918 263 1977 virtutum
283 1918 475 1995 cogitationes
494 1923 634 1994 extraque
658 1913 803 1975 bellorum
822 1932 908 1975 casus
926 1922 1019 1996 putet,

14 2007 90 2085 ipsis
104 2006 273 2084 incipientis
286 2005 465 2066 matrimonii
479 2006 619 2082 auspiciis
633 2003 807 2063 admonetur
820 2005 920 2064 venire
934 2021 966 2064 se
980 2001 1019 2064 la·

14 2095 124 2155 borum
132 2091 393 2173 periculorumque
407 2094 524 2172 sociam,
538 2092 616 2153 idem
630 2093 660 2152 in
674 2109 756 2172 pace,
769 2091 847 2151 idem
862 2093 892 2152 in
906 2090 1018 2172 proelio
1032 2115 1058 2156 ro

14 2198 171 2263 passuram
186 2197 395 2258 ausuramque:
416 2179 473 2241 hoc
487 2181 581 2241 iuncti
594 2179 693 2261 boves,
711 2179 768 2240 hoc
781 2188 901 2258 paratus
915 2197 1019 2261 equus,

14 2272 74 2332 hoc
87 2269 155 2332 data
167 2285 248 2329 arma
262 2267 443 2330 denuntiant.
462 2270 505 2330 sic
519 2268 684 2348 vivendum,
702 2269 745 2328 sic
758 2269 955 2346 pereundum:
974 2286 1019 2329 ac·

14 2363 118 2438 cipere
132 2374 164 2418 sc
184 2373 259 2435 quac
272 2355 374 2418 liberis
392 2355 528 2418 inviolata
543 2374 576 2417 ac
591 2357 677 2434 digna
691 2355 810 2437 reddat,
832 2373 907 2434 quae
925 2372 1019 2416 nurus

15 2448 164 2525 accipiant
176 2461 341 2523 rursusque
355 2444 390 2505 ad
405 2452 528 2523 nepotes
541 2443 717 2504 referantur.

86 2531 135 2594 19.
154 2531 233 2611 Ergo
256 2539 355 2611 saepta
377 2532 519 2612 pudicitia
541 2538 644 2610 agunt,
671 2529 761 2591 nullis
784 2527 1018 2608 spectaculorum

14 2620 190 2702 inlecebris,
209 2619 297 2681 nullis
316 2621 515 2681 conviviorum
529 2617 744 2680 irritationibus
759 2624 923 2696 corruptae.
942 2615 1019 2678 litte-

15 2727 119 2772 rarum
138 2715 251 2769 secreta
270 2708 325 2768 viri
345 2709 456 2786 pariter
476 2725 510 2768 ac
519 2708 644 2768 laminae
658 2708 803 2785 ignorant.
842 2707 1019 2785 paucissima

14 2802 48 2859 in
67 2805 128 2858 tam
150 2813 307 2858 numerosa
330 2802 417 2874 genta
434 2795 587 2876 adulteria,
620 2813 746 2875 quorum
765 2812 859 2874 poena
876 2811 1018 2874 praesens

89 3019 164 3085 li‚'l
183 3017 288 3073 vellera
304 3018 432 3074 derena
456 3019 460 3084 1
490 3022 521 3072 11
542 3016 709 3086 superiorem
728 3017 792 3072 Ped.
817 3017 891 3082 Voss,
912 3015 1017 3070 Tidslcr.

15 3092 36 3157 f.
58 3090 158 3145 Phaioi.
173 3094 200 3156 7,
209 3094 263 3145 112
280 3092 284 3153 1
301 3094 334 3144 ts
351 3087 477 3157 pluribus
495 3103 556 3144 aas:
574 3087 703 3156 plurimis
721 3085 818 3156 (pluris
836 3084 942 3155 nuptiis
960 3100 1019 3138 em-

15 3161 99 3216 biunt
121 3159 249 3216 Weidner
268 3159 368 3214 Paitoi.
387 3163 432 3227 47,
447 3161 512 3224 368)
542 3160 547 3226 1
576 3158 621 3226 18,
636 3164 652 3212 2
670 3157 712 3228 et]
733 3158 800 3212 acb
824 3157 828 3224 Ι
853 3170 886 3209 ac
903 3170 1019 3211 munere

15 3234 67 3288 del.
85 3231 256 3297 Lachmann,
274 3244 390 3284 munera
408 3230 458 3285 dcl.
468 3228 564 3283 Haase
578 3231 671 3297 priore
689 3229 754 3292 ioco,
769 3226 917 3294 posteriore
929 3226 1017 3282 Bera-

14 3303 114 3372 hardy,
132 3306 223 3357 tuaac
239 3301 365 3356 Bdltreos
384 3300 441 3356 call.
463 3299 585 3367 Propera.
606 3303 631 3364 1,
640 3301 665 3364 3,
674 3302 712 3353 25
727 3300 732 3364 Ι
750 3302 781 3350 tr
800 3297 971 3364 pereundum
988 3298 1017 3352 bs

14 3371 180 3442 pariendum
203 3370 238 3438 0,
265 3369 430 3440 pariendum
448 3369 496 3425 Bc
519 3368 569 3440 (sic
592 3367 766 3435 nubendum,
789 3369 829 3423 sic
852 3366 1018 3436 pariendum

14 3443 151 3508 Baibrens)
172 3445 226 3510 1111
245 3439 342 3496 inviol.
361 3439 461 3496 reddat
479 3455 512 3494 ec
530 3438 616 3507 digno
633 3439 780 3494 Acidaliae
803 3440 808 3508 1
831 3436 952 3493 reddant
970 3437 1018 3512 01
1072 3494 1074 3502 ,

16 3519 49 3568 14
67 3526 235 3579 rursusquae
254 3511 295 3583 01
311 3511 362 3580 ta,
377 3517 391 3566 1
411 3511 525 3581 saeptae
543 3511 579 3565 al.
