2490 4066
373 152 577 208 AGRICOLAE
596 159 673 208 e-t.
956 151 1020 216 247

6 303 91 362 sium
108 299 222 361 colonie
238 307 331 378 ortus,
350 307 509 376 utrumque
528 317 614 360 avum
627 308 849 379 procuratorem
864 301 1022 362 Caesarum

6 388 128 469 habuit,
144 405 218 467 quae
234 389 382 466 equestris
392 387 530 448 nobilitas
541 397 594 448 est.
622 397 705 467 pater
715 388 1021 451 illiluliusGraeeinus

6 477 158 538 senatorii
172 475 293 555 ordinis,
314 475 412 535 studio
427 475 612 553 eloquentiae
627 478 846 555 sapientiaeque
860 486 957 558 notus,
971 479 1021 538 iis-
1070 550 1076 560 .

6 583 70 642 que
99 565 171 642 ipsis
191 562 351 623 virtutibus
370 565 444 623 iram
463 563 515 622 Gai
530 562 662 623 Caesaris
681 565 819 624 meritus:
838 581 964 643 namque
984 564 1048 628 lta

6 652 150 712 Silanum
169 668 308 712 accusare
327 653 427 710 iussus
446 658 484 730 et,
503 653 572 728 quia
591 650 747 730 abnuerat,
773 653 949 712 interfectus
969 660 1022 713 est.

6 747 111 800 mater
125 737 197 799 lulia
212 737 337 798 Procilla
349 738 412 812 luit,
427 754 511 797 rarae
522 739 673 799 castitatis.
698 740 728 798 in
742 739 831 799 huius
846 742 914 799 sinu
928 739 1023 800 indul·

6 828 175 906 gentiaque
199 825 342 886 educatus
360 843 414 904 per
437 842 553 885 omnem
574 825 766 886 honestarum
784 828 892 887 artium
910 827 1023 887 cultum

6 916 175 994 pueritiam
194 912 482 990 adulescentiamque
498 915 648 990 transegit.
674 912 792 975 arcebat
812 932 879 974 eum
898 914 933 975 ab
953 914 1023 974 inle-

6 1002 116 1064 cebris
127 1002 311 1079 peccantium
320 1010 437 1077 praeter
446 1002 540 1080 ipsius
551 996 657 1061 bonam
666 1002 869 1080 integramque
880 1011 1024 1083 naturam,
1039 1025 1066 1064 eo

6 1089 97 1168 quod
116 1091 214 1150 statim
234 1087 373 1167 parvulus
392 1087 493 1148 sedem
507 1106 540 1148 ac
555 1090 724 1166 magistram
739 1089 906 1150 studiorum
923 1090 1023 1150 lllassi·

6 1179 85 1238 liam
103 1175 219 1256 habuit,
243 1175 341 1236 locum
360 1175 470 1236 Graeca
489 1177 626 1236 comitate
645 1185 675 1236 et
692 1176 865 1255 provinciali
883 1179 1023 1255 parsimo-

6 1269 61 1326 nia
88 1265 213 1325 mixtum
236 1281 270 1323 ae
293 1261 368 1332 bene
392 1265 595 1341 compositum.
629 1266 770 1325 memoria
795 1272 880 1325 teneo
904 1265 1023 1325 solitum

7 1356 117 1431 ipsum
140 1368 259 1411 narrare
288 1368 320 1411 se
346 1352 442 1430 prima
465 1353 496 1411 in
525 1353 643 1411 iuventa
667 1352 797 1412 studium
821 1352 1022 1431 philosophiae

7 1442 132 1518 acrius,
147 1437 326 1517 ultraquam
341 1455 516 1499 concessum
529 1437 659 1498 Romano
674 1457 708 1500 ec
723 1442 860 1519 senatori,
879 1441 1022 1520 hausisse,
1038 1461 1063 1501 15

7 1531 42 1588 ni
60 1526 221 1604 prudentia
235 1527 338 1585 matris
346 1527 500 1586 incensum
511 1544 544 1587 ac
554 1525 725 1604 flagrantem
738 1531 866 1587 animum
878 1529 1024 1589 coercuis-

8 1625 71 1676 set,
99 1613 214 1674 scilicet
227 1613 353 1674 sublime
368 1621 398 1673 et
412 1621 545 1674 erectum
559 1615 710 1692 ingenium
725 1614 976 1694 pulchritudinem
989 1632 1024 1675 ac

8 1704 148 1782 speciem
162 1718 283 1780 magnae
294 1701 485 1779 excelsaeque
499 1700 609 1779 gloriae
619 1702 822 1762 vehementius
837 1719 925 1779 quam
939 1710 1024 1763 caute

10 1787 182 1868 adpetebat.
220 1806 286 1848 mox
306 1790 449 1866 mitigavit
468 1790 543 1849 ratio
565 1797 596 1849 et
614 1799 706 1868 aetas,
726 1790 921 1870 retinuitque,
945 1789 1024 1868 quod

10 1887 62 1938 est
78 1876 294 1955 difficillimum,
310 1894 344 1935 ex
359 1878 502 1954 sapientia
516 1876 645 1937 modum.
1037 1899 1064 1938 eo

6 2001 9 2014 ·
84 1961 114 2025 5.
124 1962 222 2024 Prima
237 1971 401 2023 castrorum
416 1963 582 2024 rudimenta
597 1965 627 2023 in
639 1962 789 2023 Britannia
800 1963 941 2045 Suetonio
952 1963 1025 2025 Pau.-

12 2053 93 2131 lino,
118 2051 252 2130 diligenti
270 2069 304 2111 ac
322 2049 473 2111 moderato
493 2051 575 2129 duci,
597 2050 781 2131 adprobavit,
805 2050 916 2113 electus
936 2070 1025 2131 quem

12 2138 215 2201 contubernio
238 2141 415 2199 aestimaret.
451 2155 506 2198 nec
531 2138 666 2216 Agricola
685 2138 821 2219 licenter,
843 2157 925 2200 more
945 2141 1024 2201 iuve-

13 2246 100 2307 num,
117 2229 168 2306 qui
183 2226 316 2288 militiam
330 2227 360 2286 in
375 2225 522 2286 lasciviam
537 2233 666 2306 vertunt,
680 2244 776 2305 neque
791 2229 921 2304 segniter
930 2227 967 2288 ad
977 2246 1024 2287 vo-

13 2316 147 2393 luptates
162 2321 192 2374 et
205 2321 386 2374 commeatus
397 2312 515 2374 titulum
526 2313 693 2374 tribunatus
703 2323 732 2374 et
742 2316 888 2374 inscitiam
896 2314 1024 2375 rettulit:
1038 2335 1051 2376 a

14 2403 71 2463 sed
96 2419 219 2463 noscere
243 2403 437 2480 provinciam,
461 2403 545 2461 nosci
568 2403 724 2480 exercitui,
741 2401 857 2460 discere
877 2419 894 2460 a
912 2402 1025 2479 peritis,

15 2491 106 2569 sequi
120 2490 259 2569 optimos,
278 2489 351 2548 nihil
366 2489 504 2566 adpetere
523 2491 554 2548 in
568 2490 767 2566 iactationem,
786 2487 859 2549 nihil
873 2487 911 2547 ob
927 2489 1025 2548 lormi-

15 2580 119 2638 dinem
138 2595 276 2638 recusare
299 2575 444 2654 simulque
464 2584 494 2635 et
512 2577 617 2635 anxius
636 2583 666 2634 et
684 2577 815 2635 intentus
834 2592 930 2653 agere.
966 2592 1026 2635 non

16 2684 90 2726 sene
110 2665 181 2725 alias
200 2665 387 2724 exercitatior
412 2664 564 2741 magisque
583 2665 613 2722 in
632 2662 767 2740 ambiguo
787 2662 937 2723 Britannia
956 2662 1024 2724 luit:

7 2753 161 2814 trucidati
187 2754 330 2831 veterani,
358 2753 496 2810 incensae
515 2749 659 2830 coloniae,
687 2752 844 2828 intercepti
863 2752 1066 2831 exercitus31o

17 2849 83 2901 tum
104 2840 140 2900 de
155 2839 262 2919 salute,
285 2856 353 2898 mox
371 2838 408 2898 de
427 2839 549 2898 victoria
568 2844 727 2900 certavere.
755 2855 829 2917 quae
844 2841 952 2900 cuneta
969 2841 1026 2900 etsi

89 3043 116 3110 4,
132 3049 148 3097 2
168 3041 294 3096 (laeseris
312 3042 340 3096 B
356 3045 360 3108 Ι
376 3048 392 3097 3
411 3040 455 3096 illi
468 3041 604 3111 Wdlfslire:
623 3040 689 3096 Iulii
707 3042 743 3108 A,
761 3039 815 3095 Iuli
832 3041 869 3108 B,
887 3057 937 3096 om.
957 3040 1027 3109 Lip-

16 3116 76 3168 sius
92 3118 96 3180 l
113 3118 130 3168 o
148 3111 280 3166 sillanum
299 3113 334 3180 A,
354 3110 495 3166 sullanum
512 3112 540 3166 B
556 3113 561 3179 Ι
577 3118 593 3167 8
611 3111 768 3166 honestatis
786 3112 814 3164 B
830 3112 867 3178 19
887 3126 951 3165 eum
983 3111 1026 3164 te-

17 3199 83 3237 men
101 3182 129 3236 B
149 3185 154 3251 Ι
176 3181 257 3237 ltin
275 3198 325 3238 om.
344 3183 391 3248 ΒΙ
415 3188 447 3238 15
466 3181 569 3251 aerius]
590 3198 622 3236 ac
640 3181 708 3236 iuris
728 3182 848 3236 Pleberra
862 3181 868 3249 Ι
884 3196 951 3235 sena
966 3179 1026 3234 orio

18 3255 144 3308 Heraeus
159 3254 164 3320 l
182 3258 214 3307 18
233 3251 343 3306 cautius
361 3253 521 3323 Nipperdey
542 3255 546 3321 Ι
568 3259 600 3306 19
619 3250 736 3306 retinuit
754 3252 781 3305 B
806 3254 810 3320 Ι
835 3252 861 3318 5,
877 3257 893 3305 3
913 3250 1025 3306 contub.

18 3323 178 3376 adsumeret
198 3321 384 3389 Cornelissen!
400 3323 518 3378 licenter
537 3322 598 3390 egit
611 3323 736 3378 Heraeus
751 3324 756 3389 1
772 3326 788 3375 4
807 3337 859 3377 nec
872 3321 909 3388 B,
927 3327 959 3375 ut
971 3321 1027 3388 fere

18 3410 119 3462 semper
144 3396 149 3460 l
175 3397 191 3447 ὅ
209 3391 348 3447 iustitiam
365 3393 393 3448 B
422 3397 427 3461 Ι
456 3399 472 3449 9
492 3391 640 3446 excitatior
657 3392 795 3459 Boebeer,
814 3388 931 3446 erectior
956 3390 1026 3446 Vre-

19 3465 101 3519 bcber
116 3468 122 3533 Ι
140 3468 172 3518 10
191 3461 306 3517 incense
323 3462 435 3518 colonia
451 3463 568 3533 Lipsius
588 3466 593 3531 l
614 3462 769 3532 interrepti,
788 3479 834 3516 em.
857 3461 1027 3517 Puteolanus

1037 3828 1239 4052 ὣ
