2474 4068
231 207 296 269 242
580 202 747 258 CORNELII
766 200 884 256 TACITI

232 351 343 431 proelia
362 359 465 412 noctes
484 350 612 428 legunt
603 367 726 429 ipsaque
746 348 902 408 formidine
917 355 1006 426 atque
1021 346 1125 407 umbra
1140 193 1217 580 ier&

233 442 381 500 exercitus
396 447 541 500 terrorem
558 438 699 516 inierunt,
713 436 794 497 nullo
808 436 939 496 hostium
955 436 1122 495 sustinente
1132 452 1201 495 noru

232 527 361 589 ovelut
374 525 523 587 infernum
537 525 723 605 adspectum3
737 541 804 584 nam
818 525 907 601 primi
921 525 952 583 in
967 522 1106 583 omnibus
1119 193 1217 618 proeli4,

234 614 313 734 gordi
326 618 494 674 vincuntur.

299 700 352 762 44.
375 701 469 761 Trans
492 700 601 777 Lugios
621 698 749 758 Gotones
768 706 943 778 regnantur,
968 697 1083 776 paulo
1074 715 1133 758 ram
1152 697 1199 756 add

234 791 312 850 otius
326 806 414 866 quam
428 795 544 848 ceterae
563 786 776 847 Germanorum
791 793 907 866 gentes,
925 785 1057 846 nondum
1076 794 1211 846 tamenu
1191 801 1211 842 su

233 894 287 956 pra
306 875 480 936 libertatem.
516 876 653 954 protinus
673 872 778 934 deinde
798 872 834 932 ab
849 872 966 934 Oceano
980 872 1069 951 Rugii
1088 881 1119 933 ct
1139 873 1202 932 Len

234 966 287 1045 vii3
306 965 496 1042 omniumque
515 963 619 1022 harum
638 963 769 1040 gentium
789 962 904 1039 insigne
923 960 1049 1021 rotunda
1064 969 1158 1042 scuta,
1176 961 1203 1019 br

209 1074 221 1115 4
235 1069 285 1113 ves
300 1052 390 1130 gladii
404 1058 434 1112 et
448 1068 516 1128 erga
531 1068 617 1127 reges
632 1048 816 1128 obsequium.

302 1139 446 1201 Suionum
464 1139 533 1199 hinc
553 1139 699 1215 civitates,
723 1138 788 1214 ipso
811 1139 841 1197 in
865 1134 996 1240 Oceano,
1019 1143 1139 1214 praeter
1164 1138 1210 1194 uu

235 1246 374 1306 armaque
398 1225 542 1287 classibus
565 1225 670 1285 valent.
709 1224 803 1284 iorma
826 1225 943 1284 uarium
966 1241 1001 1284 eo
1026 1223 1139 1303 diiiert,
1165 1241 1209 1302 quo

235 1318 386 1393 utrimque
404 1330 492 1391 prora
511 1323 641 1392 paratam
661 1329 778 1416 semper
797 1311 934 1389 adpulsui
953 1311 1080 1372 frontem
1094 1313 1165 1390 agit.
1188 1330 1201 1370 ι

236 1400 308 1462 velis
327 1403 495 1461 ministrant
514 1418 568 1461 neo
587 1417 685 1460 remos
703 1402 734 1460 in
754 1399 886 1459 ordinem
905 1398 1048 1460 lateribus
1066 1400 1206 1479 adiunguo

197 1514 222 1552 ιο
236 1488 379 1566 solutum,
402 1496 436 1548 ut
463 1490 493 1549 in
523 1486 702 1590 quibusdam
721 1486 888 1568 fluminum,
912 1494 942 1547 et
963 1486 1118 1568 mutabile,
1142 1495 1202 1547 utr

236 1579 345 1657 poscit,
368 1575 438 1636 irinc
461 1575 507 1636 vol
530 1574 611 1636 illinc
630 1577 795 1653 remigium.
833 1583 879 1636 est
901 1575 977 1654 apud
997 1574 1063 1636 illos
1086 1582 1118 1635 et
1136 1575 1200 1654 opib

236 1665 350 1767 honos,
363 1681 457 1766 eoque
478 1681 556 1724 unus
570 1664 732 1744 imperitat,
751 1662 862 1724 nullis
854 1680 912 1722 ram
926 1567 1220 1986 4444444414ιῆ
1185 1679 1209 1722 ιι

235 1755 370 1833 precario
388 1754 454 1812 iure
472 1751 604 1830 parendi.
640 1769 696 1812 uec
719 1768 812 1830 arma,
835 1759 869 1810 ut
892 1750 970 1829 apud
989 1758 1104 1811 eeteros
1125 1567 1220 1986 Germ]

237 1858 305 1921 nos,
318 1842 350 1901 in
364 1841 546 1919 promiscuo,
567 1839 618 1900 sed
634 1839 732 1900 clausa
748 1838 802 1899 suh
818 1838 954 1918 custode,
969 1847 999 1898 et
1013 1839 1134 1918 quidem
1148 1857 1207 1900 serr

198 1949 223 1991 ιι
238 1932 306 2007 quia
330 1926 444 1989 subitos
467 1927 628 1988 hostium
620 1943 759 1988 incursus
787 1925 925 2004 prohibet
952 1925 1099 2006 Oceanus,
1132 1929 1220 1994 otiosa

237 2034 326 2094 porro
350 2025 528 2075 armatorum
548 2031 652 2075 manus
671 2013 755 2075 iaoiie
774 2013 943 2074 lasciviunt:
973 2015 1123 2075 enimvero
1146 2031 1212 2092 nequ

237 2101 364 2163 nobilem
379 2119 476 2180 neque
491 2104 661 2181 ingenuum,
682 2117 719 2162 ne
734 2101 905 2162 libertinum
921 2102 1040 2179 quidem
1055 2104 1145 2162 armis
1161 2119 1205 2181 pra

237 2197 348 2270 ponere
362 2191 443 2266 regia
458 2188 570 2250 utilitas
585 2196 639 2249 est.

303 2272 356 2338 45.
379 2275 472 2336 Trans
492 2275 617 2336 Suionas
636 2275 714 2337 aliud
734 2292 827 2356 mare,
849 2278 969 2355 pigrum
986 2295 1020 2338 ac
1038 2295 1132 2356 prope
1150 2281 1205 2338 inm

238 2373 314 2446 tum,
334 2382 392 2443 quo
417 2365 495 2443 cingi
521 2364 658 2443 cludique
678 2371 825 2424 terrarum
844 2364 946 2424 orbem
964 2364 1034 2426 hinc
1052 2365 1140 2444 fides,
1167 2383 1212 2445 quo

238 2462 389 2515 extremus
404 2453 536 2513 cadentis
555 2454 612 2512 iam
627 2451 697 2512 solis
711 2451 809 2530 fulgor
822 2455 854 2512 in
868 2461 966 2513 ortum
981 2452 1086 2514 edurat
1099 2453 1175 2513 adeo
1189 2453 1221 2513 da

238 2560 299 2619 rus,
313 2549 347 2603 ut
362 2539 458 2602 sidera
473 2540 605 2621 hebetem
624 2558 730 2601 sonum
747 2543 870 2620 insuper
884 2542 1062 2618 emergentis
1077 2541 1175 2602 audiri
1188 2542 1221 2600 ior

212 2647 361 2707 omasque
385 2646 529 2707 equorum
551 2636 581 2689 et
599 2628 697 2689 radios
716 2629 821 2707 capitis
840 2628 952 2708 adspici
970 2630 1122 2706 persuasio
1148 2629 1221 2689 adiri

238 2716 308 2777 iiluo
327 2733 435 2795 usque,
455 2718 480 2776 si
498 2717 574 2777 tama
591 2734 670 2797 vera,
695 2723 810 2777 tantum
828 2724 941 2777 natura
974 2733 1044 2794 ergo
1056 2718 1122 2776 iam
1142 2716 1221 2777 dexto

309 2881 864 2965 44,1ligiosblgothonesBdO,cs.
885 2886 978 2956 Mfip
980 2886 1143 2966 2441444
1144 2887 1221 2940 nonu

239 2975 265 3013 4.
283 2965 354 3024 regn
348 2926 517 3078 444Β4οΙ
543 2953 750 3021 alemoniiot
767 2971 792 3008 o.
812 2955 866 3022 Mt.
884 2959 941 3011 252
966 2957 971 3025 Ι
996 2955 1093 3038 eipso
1114 2903 1167 3012 04.
1187 2955 1221 3024 ipo

238 3027 304 3098 B,i
325 3042 372 3080 sea
391 3027 407 3080 4
427 3023 687 3105 (diocesaneum)
708 3027 712 3094 Ι
734 3040 869 3079 oceanum
886 3026 947 3080 Β1ιι
972 3028 977 3096 Ι
1007 3025 1221 3081 ominisuanro

238 3071 287 3155 eni.
320 3097 477 3165 ipsimtn
498 3093 1221 3178 441414444441112444]4440411344ιεί4

238 3167 361 3248 parandi
376 3167 486 3221 Paraow
502 3167 507 3237 Ι
524 3171 557 3219 14
575 3164 618 3234 in]
636 3180 700 3233 noq;
721 3166 762 3234 01
777 3166 916 3234 promisco
935 3185 949 3223 4
969 3170 974 3236 t
991 3173 1023 3221 15
1043 3166 1151 3222 otiosae
1173 3167 1221 3221 044

238 3255 299 3294 rus·
319 3237 413 3292 ociosa
429 3240 433 3304 Ι
452 3243 484 3290 18
503 3234 647 3290 subtilitas
663 3237 781 3315 Madvig
798 3243 801 3297 Ι
817 3237 893 3305 4141
914 3237 1024 3291 suiones
1040 3238 1055 3292 b
1071 3243 1076 3302 Ι
1091 3244 1108 3292 2
1123 3237 1221 3318 claudio

242 3308 281 3364 04
297 3313 300 3374 Ι
316 3310 387 3362 uoti
375 3306 472 3362 40444
487 3310 491 3374 Ι
507 3312 524 3359 4
543 3306 711 3374 emergentis
731 3305 818 3375 4440,
837 3323 867 3362 se
885 3309 1012 3376 morgen
1013 3323 1036 3360 ιι
1051 3305 1177 3377 Lipsius,
1195 3307 1221 3360 ior

165 3431 167 3436 .
241 3378 392 3447 mergentia
412 3375 530 3443 0444444,
549 3375 702 3444 mergentis
720 3376 813 3446 Bergk
837 3382 842 3444 1
870 3376 1015 3431 formast)
1041 3378 1047 3444 Ι
1075 3384 1221 3445 dequorur

242 3446 362 3503 Colores·
382 3448 497 3502 deorum
516 3445 688 3516 (formaeque
708 3446 837 3501 decorem
854 3445 998 3514 Heinsius)
1016 3451 1020 3512 ι
1041 3453 1057 3500 4
1077 3446 1101 3500 si
1121 3449 1221 3502 Grotius

241 3520 270 3571 et
293 3520 390 3584 (usque
412 3518 475 3571 tant
476 3533 523 3571 um
546 3517 659 3586 natura,
683 3519 712 3572 44
734 3516 811 3570 fama.
833 3529 898 3568 vera
920 3515 1082 3581 Dd'derlein,
1111 3517 1221 3586 usquet

1151 3861 1221 4022 14
