<?xml version="1.0" encoding="UTF-8"?>
<!DOCTYPE html PUBLIC "-//W3C//DTD XHTML 1.0 Transitional//EN"
    "http://www.w3.org/TR/xhtml1/DTD/xhtml1-transitional.dtd">
<html xmlns="http://www.w3.org/1999/xhtml" xml:lang="en" lang="en">
 <head>
  <title>
</title>
<meta http-equiv="Content-Type" content="text/html;charset=utf-8" />
  <meta name='ocr-system' content='tesseract 3.04.00' />
  <meta name='ocr-capabilities' content='ocr_page ocr_carea ocr_par ocr_line ocrx_word'/>
</head>
<body>
  <div class='ocr_page' id='page_1' title='image "./germaniaagricol03tacigoog_0098.png"; bbox 0 0 2474 4068; ppageno 0'>
   <div class='ocr_carea' id='block_1_1' title="bbox 239 189 1015 258">
    <p class='ocr_par' dir='ltr' id='par_1_1' title="bbox 239 189 1015 258">
     <span class='ocr_line' id='line_1_1' title="bbox 239 189 1015 258; baseline 0.015 -14"><span class='ocrx_word' id='word_1_1' title='bbox 239 191 332 247; x_wconf 79' lang='lat' dir='ltr'><strong>omn.</strong></span> <span class='ocrx_word' id='word_1_2' title='bbox 350 191 399 246; x_wconf 79' lang='lat' dir='ltr'><strong>Du</strong></span> <span class='ocrx_word' id='word_1_3' title='bbox 418 189 646 248; x_wconf 76' lang='lat' dir='ltr'><strong>onnrofflssus</strong></span> <span class='ocrx_word' id='word_1_4' title='bbox 664 197 778 250; x_wconf 80' lang='lat' dir='ltr'><strong>eo-en.</strong></span> <span class='ocrx_word' id='word_1_5' title='bbox 952 193 1015 258; x_wconf 84' lang='lat'><strong>311</strong></span> 
     </span>
    </p>
   </div>
   <div class='ocr_carea' id='block_1_2' title="bbox 11 338 1060 2799">
    <p class='ocr_par' dir='ltr' id='par_1_2' title="bbox 19 338 1058 1105">
     <span class='ocr_line' id='line_1_2' title="bbox 20 338 1018 420; baseline 0.001 -19"><span class='ocrx_word' id='word_1_6' title='bbox 20 358 116 420; x_wconf 89' lang='lat' dir='ltr'><strong>porum</strong></span> <span class='ocrx_word' id='word_1_7' title='bbox 134 347 215 400; x_wconf 88' lang='lat' dir='ltr'><strong>esset</strong></span> <span class='ocrx_word' id='word_1_8' title='bbox 235 341 267 400; x_wconf 89' lang='lat' dir='ltr'><strong>in</strong></span> <span class='ocrx_word' id='word_1_9' title='bbox 286 347 390 401; x_wconf 91' lang='lat' dir='ltr'><strong>senatu</strong></span> <span class='ocrx_word' id='word_1_10' title='bbox 406 338 537 400; x_wconf 82' lang='lat' dir='ltr'><strong>breviter</strong></span> <span class='ocrx_word' id='word_1_11' title='bbox 556 356 687 420; x_wconf 89' lang='lat' dir='ltr'><strong>censere,</strong></span> <span class='ocrx_word' id='word_1_12' title='bbox 701 340 759 400; x_wconf 92' lang='lat' dir='ltr'><strong>nisi</strong></span> <span class='ocrx_word' id='word_1_13' title='bbox 774 341 840 418; x_wconf 90' lang='lat' dir='ltr'><strong>quis</strong></span> <span class='ocrx_word' id='word_1_14' title='bbox 854 341 972 419; x_wconf 81' lang='lat' dir='ltr'><strong>ingenio</strong></span> <span class='ocrx_word' id='word_1_15' title='bbox 988 349 1018 402; x_wconf 92' lang='lat' dir='ltr'><strong>et</strong></span> 
     </span>
     <span class='ocr_line' id='line_1_3' title="bbox 21 427 1057 508; baseline 0.005 -20"><span class='ocrx_word' id='word_1_16' title='bbox 21 429 179 508; x_wconf 79' lang='lat' dir='ltr'><strong>eloquentia</strong></span> <span class='ocrx_word' id='word_1_17' title='bbox 203 430 379 490; x_wconf 75' lang='lat' dir='ltr'>sententiam</span> <span class='ocrx_word' id='word_1_18' title='bbox 398 444 482 488; x_wconf 91' lang='lat' dir='ltr'><strong>suam</strong></span> <span class='ocrx_word' id='word_1_19' title='bbox 502 435 651 508; x_wconf 89' lang='lat' dir='ltr'><strong>tueretur,</strong></span> <span class='ocrx_word' id='word_1_20' title='bbox 675 445 742 488; x_wconf 93' lang='lat' dir='ltr'><strong>cum</strong></span> <span class='ocrx_word' id='word_1_21' title='bbox 757 429 787 488; x_wconf 94' lang='lat' dir='ltr'><strong>in</strong></span> <span class='ocrx_word' id='word_1_22' title='bbox 803 427 929 507; x_wconf 82' lang='lat' dir='ltr'>aliquam</span> <span class='ocrx_word' id='word_1_23' title='bbox 943 431 1017 491; x_wconf 84' lang='lat' dir='ltr'><strong>inri-</strong></span> <span class='ocrx_word' id='word_1_24' title='bbox 1030 451 1057 493; x_wconf 84' lang='lat' dir='ltr'><strong>eo</strong></span> 
     </span>
     <span class='ocr_line' id='line_1_4' title="bbox 22 515 1017 596; baseline -0.001 -19"><span class='ocrx_word' id='word_1_25' title='bbox 22 518 97 577; x_wconf 46' lang='lat' dir='ltr'><strong>liam*</strong></span> <span class='ocrx_word' id='word_1_26' title='bbox 112 523 163 577; x_wconf 88' lang='lat' dir='ltr'><strong>aut</strong></span> <span class='ocrx_word' id='word_1_27' title='bbox 186 517 299 576; x_wconf 79' lang='lat' dir='ltr'><strong>crimen</strong></span> <span class='ocrx_word' id='word_1_28' title='bbox 320 517 417 576; x_wconf 86' lang='lat' dir='ltr'><strong>vocati</strong></span> <span class='ocrx_word' id='word_1_29' title='bbox 440 533 493 576; x_wconf 92' lang='lat' dir='ltr'><strong>sua</strong></span> <span class='ocrx_word' id='word_1_30' title='bbox 511 533 583 576; x_wconf 80' lang='lat' dir='ltr'><strong>voce</strong></span> <span class='ocrx_word' id='word_1_31' title='bbox 602 515 842 595; x_wconf 91' lang='lat' dir='ltr'><strong>respondendum</strong></span> <span class='ocrx_word' id='word_1_32' title='bbox 865 515 1017 596; x_wconf 86' lang='lat' dir='ltr'><strong>haberent,</strong></span> 
     </span>
     <span class='ocr_line' id='line_1_5' title="bbox 23 603 1019 684; baseline -0.001 -19"><span class='ocrx_word' id='word_1_33' title='bbox 23 623 79 665; x_wconf 86' lang='lat' dir='ltr'><strong>eum</strong></span> <span class='ocrx_word' id='word_1_34' title='bbox 105 605 275 665; x_wconf 90' lang='lat' dir='ltr'><strong>testimonia</strong></span> <span class='ocrx_word' id='word_1_35' title='bbox 296 616 415 682; x_wconf 88' lang='lat' dir='ltr'><strong>quoque</strong></span> <span class='ocrx_word' id='word_1_36' title='bbox 437 605 468 663; x_wconf 95' lang='lat' dir='ltr'><strong>in</strong></span> <span class='ocrx_word' id='word_1_37' title='bbox 497 603 616 664; x_wconf 92' lang='lat' dir='ltr'><strong>iudiciis</strong></span> <span class='ocrx_word' id='word_1_38' title='bbox 639 621 699 665; x_wconf 91' lang='lat' dir='ltr'><strong>non</strong></span> <span class='ocrx_word' id='word_1_39' title='bbox 726 603 863 665; x_wconf 81' lang='lat' dir='ltr'><strong>absentes</strong></span> <span class='ocrx_word' id='word_1_40' title='bbox 887 621 942 664; x_wconf 90' lang='lat' dir='ltr'><strong>nec</strong></span> <span class='ocrx_word' id='word_1_41' title='bbox 964 622 1019 684; x_wconf 91' lang='lat' dir='ltr'><strong>per</strong></span> 
     </span>
     <span class='ocr_line' id='line_1_6' title="bbox 22 690 1017 772; baseline 0.001 -20"><span class='ocrx_word' id='word_1_42' title='bbox 22 691 147 752; x_wconf 87' lang='lat' dir='ltr'><strong>tabellam</strong></span> <span class='ocrx_word' id='word_1_43' title='bbox 171 690 255 772; x_wconf 87' lang='lat' dir='ltr'><strong>dare,</strong></span> <span class='ocrx_word' id='word_1_44' title='bbox 287 691 339 752; x_wconf 89' lang='lat' dir='ltr'><strong>scd</strong></span> <span class='ocrx_word' id='word_1_45' title='bbox 367 707 467 752; x_wconf 90' lang='lat' dir='ltr'><strong>coram</strong></span> <span class='ocrx_word' id='word_1_46' title='bbox 495 698 525 752; x_wconf 90' lang='lat' dir='ltr'><strong>et</strong></span> <span class='ocrx_word' id='word_1_47' title='bbox 551 700 722 770; x_wconf 81' lang='lat' dir='ltr'><strong>praesentes</strong></span> <span class='ocrx_word' id='word_1_48' title='bbox 749 691 849 753; x_wconf 88' lang='lat' dir='ltr'><strong>dicere</strong></span> <span class='ocrx_word' id='word_1_49' title='bbox 878 709 1017 771; x_wconf 83' lang='lat' dir='ltr'><strong>cogeren-</strong></span> 
     </span>
     <span class='ocr_line' id='line_1_7' title="bbox 21 777 1018 859; baseline 0 -19"><span class='ocrx_word' id='word_1_50' title='bbox 21 789 69 842; x_wconf 90' lang='lat' dir='ltr'><strong>tur.</strong></span> <span class='ocrx_word' id='word_1_51' title='bbox 102 781 142 840; x_wconf 90' lang='lat' dir='ltr'><strong>ita</strong></span> <span class='ocrx_word' id='word_1_52' title='bbox 161 779 197 839; x_wconf 87' lang='lat' dir='ltr'><strong>ad</strong></span> <span class='ocrx_word' id='word_1_53' title='bbox 216 796 330 840; x_wconf 86' lang='lat' dir='ltr'><strong>summa</strong></span> <span class='ocrx_word' id='word_1_54' title='bbox 349 777 534 858; x_wconf 76' lang='lat' dir='ltr'><strong>eloquentiae</strong></span> <span class='ocrx_word' id='word_1_55' title='bbox 552 783 682 858; x_wconf 87' lang='lat' dir='ltr'><strong>praemia</strong></span> <span class='ocrx_word' id='word_1_56' title='bbox 695 797 800 859; x_wconf 84' lang='lat' dir='ltr'><strong>magna</strong></span> <span class='ocrx_word' id='word_1_57' title='bbox 815 781 903 841; x_wconf 88' lang='lat' dir='ltr'><strong>etiam</strong></span> <span class='ocrx_word' id='word_1_58' title='bbox 917 797 1018 842; x_wconf 89' lang='lat' dir='ltr'><strong>neces·</strong></span> 
     </span>
     <span class='ocr_line' id='line_1_8' title="bbox 20 866 1058 948; baseline 0.004 -20"><span class='ocrx_word' id='word_1_59' title='bbox 20 871 83 928; x_wconf 87' lang='lat' dir='ltr'><strong>sitas</strong></span> <span class='ocrx_word' id='word_1_60' title='bbox 102 866 270 948; x_wconf 77' lang='lat' dir='ltr'><strong>accedebat,</strong></span> <span class='ocrx_word' id='word_1_61' title='bbox 291 874 321 927; x_wconf 90' lang='lat' dir='ltr'><strong>ct</strong></span> <span class='ocrx_word' id='word_1_62' title='bbox 339 883 398 945; x_wconf 92' lang='lat' dir='ltr'><strong>quo</strong></span> <span class='ocrx_word' id='word_1_63' title='bbox 416 866 503 927; x_wconf 91' lang='lat' dir='ltr'><strong>modo</strong></span> <span class='ocrx_word' id='word_1_64' title='bbox 523 867 667 928; x_wconf 91' lang='lat' dir='ltr'><strong>disertum</strong></span> <span class='ocrx_word' id='word_1_65' title='bbox 687 866 792 928; x_wconf 86' lang='lat' dir='ltr'><strong>haberi</strong></span> <span class='ocrx_word' id='word_1_66' title='bbox 811 868 969 946; x_wconf 89' lang='lat' dir='ltr'><strong>pulchrum</strong></span> <span class='ocrx_word' id='word_1_67' title='bbox 988 875 1019 928; x_wconf 89' lang='lat' dir='ltr'><strong>et</strong></span> <span class='ocrx_word' id='word_1_68' title='bbox 1032 889 1058 932; x_wconf 82' lang='lat' dir='ltr'><strong>aa</strong></span> 
     </span>
     <span class='ocr_line' id='line_1_9' title="bbox 20 954 1018 1038; baseline 0 -22"><span class='ocrx_word' id='word_1_69' title='bbox 20 956 188 1038; x_wconf 81' lang='lat' dir='ltr'><strong>gloriosum,</strong></span> <span class='ocrx_word' id='word_1_70' title='bbox 202 955 245 1015; x_wconf 89' lang='lat' dir='ltr'><strong>sic</strong></span> <span class='ocrx_word' id='word_1_71' title='bbox 260 959 362 1015; x_wconf 89' lang='lat' dir='ltr'><strong>contra</strong></span> <span class='ocrx_word' id='word_1_72' title='bbox 376 961 493 1015; x_wconf 92' lang='lat' dir='ltr'><strong>mutum</strong></span> <span class='ocrx_word' id='word_1_73' title='bbox 508 962 539 1014; x_wconf 88' lang='lat' dir='ltr'><strong>et</strong></span> <span class='ocrx_word' id='word_1_74' title='bbox 552 954 700 1034; x_wconf 84' lang='lat' dir='ltr'><strong>elinguem</strong></span> <span class='ocrx_word' id='word_1_75' title='bbox 713 955 809 1015; x_wconf 83' lang='lat' dir='ltr'><strong>rideri</strong></span> <span class='ocrx_word' id='word_1_76' title='bbox 823 955 955 1019; x_wconf 81' lang='lat' dir='ltr'><strong>deforme</strong></span> <span class='ocrx_word' id='word_1_77' title='bbox 968 956 1018 1016; x_wconf 90' lang='lat' dir='ltr'><strong>ba·</strong></span> 
     </span>
     <span class='ocr_line' id='line_1_10' title="bbox 19 1043 145 1105; baseline 0 -1"><span class='ocrx_word' id='word_1_78' title='bbox 19 1043 145 1105; x_wconf 89' lang='lat' dir='ltr'><strong>bebatur.</strong></span> 
     </span>
    </p>

    <p class='ocr_par' dir='ltr' id='par_1_3' title="bbox 11 1129 1060 2799">
     <span class='ocr_line' id='line_1_11' title="bbox 77 1129 1030 1218; baseline -0.003 -24"><span class='ocrx_word' id='word_1_79' title='bbox 77 1129 130 1194; x_wconf 78' lang='grc'><strong>37.</strong></span> <span class='ocrx_word' id='word_1_80' title='bbox 153 1129 232 1209; x_wconf 82' lang='lat' dir='ltr'><strong>Ergo</strong></span> <span class='ocrx_word' id='word_1_81' title='bbox 250 1147 310 1192; x_wconf 92' lang='lat' dir='ltr'><strong>non</strong></span> <span class='ocrx_word' id='word_1_82' title='bbox 328 1131 427 1192; x_wconf 89' lang='lat' dir='ltr'><strong>minus</strong></span> <span class='ocrx_word' id='word_1_83' title='bbox 446 1129 555 1192; x_wconf 87' lang='lat' dir='ltr'><strong>rubore</strong></span> <span class='ocrx_word' id='word_1_84' title='bbox 575 1149 662 1210; x_wconf 90' lang='lat' dir='ltr'><strong>quam</strong></span> <span class='ocrx_word' id='word_1_85' title='bbox 676 1133 815 1210; x_wconf 87' lang='lat' dir='ltr'><strong>praemiis</strong></span> <span class='ocrx_word' id='word_1_86' title='bbox 830 1130 1030 1218; x_wconf 61' lang='lat' dir='ltr'><strong>stimulaban,</strong></span> 
     </span>
     <span class='ocr_line' id='line_1_12' title="bbox 11 1217 1018 1302; baseline -0.003 -20"><span class='ocrx_word' id='word_1_87' title='bbox 11 1231 69 1302; x_wconf 86' lang='lat' dir='ltr'><strong>tur,</strong></span> <span class='ocrx_word' id='word_1_88' title='bbox 94 1237 132 1281; x_wconf 90' lang='lat' dir='ltr'><strong>no</strong></span> <span class='ocrx_word' id='word_1_89' title='bbox 152 1217 361 1280; x_wconf 91' lang='lat' dir='ltr'><strong>clientulorum</strong></span> <span class='ocrx_word' id='word_1_90' title='bbox 378 1218 443 1279; x_wconf 91' lang='lat' dir='ltr'><strong>loco</strong></span> <span class='ocrx_word' id='word_1_91' title='bbox 458 1220 557 1296; x_wconf 89' lang='lat' dir='ltr'><strong>potius</strong></span> <span class='ocrx_word' id='word_1_92' title='bbox 572 1236 659 1297; x_wconf 63' lang='lat' dir='ltr'><strong>want</strong></span> <span class='ocrx_word' id='word_1_93' title='bbox 674 1226 867 1298; x_wconf 91' lang='lat' dir='ltr'><strong>patronorum</strong></span> <span class='ocrx_word' id='word_1_94' title='bbox 881 1236 1018 1280; x_wconf 90' lang='lat' dir='ltr'><strong>numera·</strong></span> 
     </span>
     <span class='ocr_line' id='line_1_13' title="bbox 11 1306 1018 1389; baseline -0.002 -19"><span class='ocrx_word' id='word_1_95' title='bbox 11 1316 126 1389; x_wconf 82' lang='lat' dir='ltr'><strong>rentur,</strong></span> <span class='ocrx_word' id='word_1_96' title='bbox 144 1325 183 1368; x_wconf 91' lang='lat' dir='ltr'><strong>ne</strong></span> <span class='ocrx_word' id='word_1_97' title='bbox 197 1306 321 1368; x_wconf 88' lang='lat' dir='ltr'><strong>traditae</strong></span> <span class='ocrx_word' id='word_1_98' title='bbox 335 1325 351 1366; x_wconf 92' lang='lat' dir='ltr'><strong>a</strong></span> <span class='ocrx_word' id='word_1_99' title='bbox 365 1306 527 1368; x_wconf 90' lang='lat' dir='ltr'><strong>maioribus</strong></span> <span class='ocrx_word' id='word_1_100' title='bbox 540 1306 776 1368; x_wconf 77' lang='lat' dir='ltr'><strong>necessitudines</strong></span> <span class='ocrx_word' id='word_1_101' title='bbox 790 1307 827 1369; x_wconf 92' lang='lat' dir='ltr'><strong>ad</strong></span> <span class='ocrx_word' id='word_1_102' title='bbox 842 1307 914 1368; x_wconf 88' lang='lat' dir='ltr'><strong>alios</strong></span> <span class='ocrx_word' id='word_1_103' title='bbox 924 1314 1018 1368; x_wconf 90' lang='lat' dir='ltr'><strong>trans·</strong></span> 
     </span>
     <span class='ocr_line' id='line_1_14' title="bbox 19 1395 1020 1477; baseline -0.002 -19"><span class='ocrx_word' id='word_1_104' title='bbox 19 1399 109 1477; x_wconf 89' lang='lat' dir='ltr'><strong>irent,</strong></span> <span class='ocrx_word' id='word_1_105' title='bbox 132 1413 170 1456; x_wconf 86' lang='lat' dir='ltr'><strong>ne</strong></span> <span class='ocrx_word' id='word_1_106' title='bbox 190 1401 340 1473; x_wconf 89' lang='lat' dir='ltr'><strong>tamquam</strong></span> <span class='ocrx_word' id='word_1_107' title='bbox 357 1396 469 1455; x_wconf 88' lang='lat' dir='ltr'><strong>inertes</strong></span> <span class='ocrx_word' id='word_1_108' title='bbox 489 1402 520 1454; x_wconf 90' lang='lat' dir='ltr'><strong>et</strong></span> <span class='ocrx_word' id='word_1_109' title='bbox 536 1412 598 1455; x_wconf 92' lang='lat' dir='ltr'><strong>non</strong></span> <span class='ocrx_word' id='word_1_110' title='bbox 618 1395 771 1457; x_wconf 78' lang='lat' dir='ltr'><strong>suffecturi</strong></span> <span class='ocrx_word' id='word_1_111' title='bbox 790 1395 954 1457; x_wconf 90' lang='lat' dir='ltr'><strong>honoribus</strong></span> <span class='ocrx_word' id='word_1_112' title='bbox 968 1404 1020 1457; x_wconf 90' lang='lat' dir='ltr'><strong>aut</strong></span> 
     </span>
     <span class='ocr_line' id='line_1_15' title="bbox 20 1482 1046 1562; baseline 0.001 -17"><span class='ocrx_word' id='word_1_113' title='bbox 20 1504 71 1546; x_wconf 90' lang='lat' dir='ltr'><strong>nou</strong></span> <span class='ocrx_word' id='word_1_114' title='bbox 92 1486 288 1562; x_wconf 86' lang='lat' dir='ltr'><strong>impetrarent</strong></span> <span class='ocrx_word' id='word_1_115' title='bbox 305 1489 356 1543; x_wconf 93' lang='lat' dir='ltr'><strong>aut</strong></span> <span class='ocrx_word' id='word_1_116' title='bbox 374 1483 547 1561; x_wconf 89' lang='lat' dir='ltr'><strong>impetratos</strong></span> <span class='ocrx_word' id='word_1_117' title='bbox 569 1482 645 1544; x_wconf 87' lang='lat' dir='ltr'><strong>malo</strong></span> <span class='ocrx_word' id='word_1_118' title='bbox 663 1491 828 1546; x_wconf 89' lang='lat' dir='ltr'><strong>tuerentur.</strong></span> <span class='ocrx_word' id='word_1_119' title='bbox 864 1485 966 1546; x_wconf 92' lang='lat' dir='ltr'><strong>nescio</strong></span> <span class='ocrx_word' id='word_1_120' title='bbox 981 1502 1046 1546; x_wconf 87' lang='lat' dir='ltr'><strong>ano</strong></span> 
     </span>
     <span class='ocr_line' id='line_1_16' title="bbox 20 1570 1018 1652; baseline 0 -20"><span class='ocrx_word' id='word_1_121' title='bbox 20 1572 148 1634; x_wconf 73' lang='lat' dir='ltr'><strong>venerint</strong></span> <span class='ocrx_word' id='word_1_122' title='bbox 166 1571 198 1630; x_wconf 92' lang='lat' dir='ltr'><strong>in</strong></span> <span class='ocrx_word' id='word_1_123' title='bbox 216 1587 322 1630; x_wconf 90' lang='lat' dir='ltr'><strong>manus</strong></span> <span class='ocrx_word' id='word_1_124' title='bbox 339 1577 453 1631; x_wconf 86' lang='lat' dir='ltr'><strong>vostras</strong></span> <span class='ocrx_word' id='word_1_125' title='bbox 471 1570 544 1633; x_wconf 89' lang='lat' dir='ltr'><strong>baec</strong></span> <span class='ocrx_word' id='word_1_126' title='bbox 562 1579 675 1652; x_wconf 87' lang='lat' dir='ltr'><strong>vetera,</strong></span> <span class='ocrx_word' id='word_1_127' title='bbox 704 1589 778 1650; x_wconf 88' lang='lat' dir='ltr'><strong>quae</strong></span> <span class='ocrx_word' id='word_1_128' title='bbox 798 1579 828 1632; x_wconf 88' lang='lat' dir='ltr'><strong>ct</strong></span> <span class='ocrx_word' id='word_1_129' title='bbox 841 1574 871 1650; x_wconf 87' lang='lat' dir='ltr'><strong>ip</strong></span> <span class='ocrx_word' id='word_1_130' title='bbox 886 1574 1018 1650; x_wconf 87' lang='lat' dir='ltr'><strong>antiqua·</strong></span> 
     </span>
     <span class='ocr_line' id='line_1_17' title="bbox 20 1657 1019 1738; baseline -0.001 -17"><span class='ocrx_word' id='word_1_131' title='bbox 20 1663 126 1721; x_wconf 87' lang='lat' dir='ltr'><strong>riorum</strong></span> <span class='ocrx_word' id='word_1_132' title='bbox 140 1657 335 1738; x_wconf 82' lang='lat' dir='ltr'><strong>bybliothecis</strong></span> <span class='ocrx_word' id='word_1_133' title='bbox 349 1657 446 1718; x_wconf 92' lang='lat' dir='ltr'><strong>adhuc</strong></span> <span class='ocrx_word' id='word_1_134' title='bbox 455 1665 574 1718; x_wconf 88' lang='lat' dir='ltr'><strong>manent</strong></span> <span class='ocrx_word' id='word_1_135' title='bbox 588 1665 618 1718; x_wconf 90' lang='lat' dir='ltr'><strong>et</strong></span> <span class='ocrx_word' id='word_1_136' title='bbox 632 1676 700 1719; x_wconf 93' lang='lat' dir='ltr'><strong>cum</strong></span> <span class='ocrx_word' id='word_1_137' title='bbox 714 1660 839 1720; x_wconf 85' lang='lat' dir='ltr'><strong>maxime</strong></span> <span class='ocrx_word' id='word_1_138' title='bbox 853 1676 870 1719; x_wconf 92' lang='lat' dir='ltr'><strong>a</strong></span> <span class='ocrx_word' id='word_1_139' title='bbox 883 1658 1019 1720; x_wconf 87' lang='lat' dir='ltr'><strong>Muciano</strong></span> 
     </span>
     <span class='ocr_line' id='line_1_18' title="bbox 20 1745 1020 1826; baseline -0.004 -16"><span class='ocrx_word' id='word_1_140' title='bbox 20 1747 244 1826; x_wconf 87' lang='lat' dir='ltr'><strong>contrahuntur,</strong></span> <span class='ocrx_word' id='word_1_141' title='bbox 263 1763 297 1806; x_wconf 93' lang='lat' dir='ltr'><strong>ac</strong></span> <span class='ocrx_word' id='word_1_142' title='bbox 311 1745 369 1806; x_wconf 89' lang='lat' dir='ltr'><strong>iam</strong></span> <span class='ocrx_word' id='word_1_143' title='bbox 383 1745 535 1826; x_wconf 86' lang='lat' dir='ltr'><strong>undecim,</strong></span> <span class='ocrx_word' id='word_1_144' title='bbox 549 1753 583 1806; x_wconf 93' lang='lat' dir='ltr'><strong>ut</strong></span> <span class='ocrx_word' id='word_1_145' title='bbox 597 1748 717 1825; x_wconf 90' lang='lat' dir='ltr'><strong>opinor,</strong></span> <span class='ocrx_word' id='word_1_146' title='bbox 735 1746 877 1807; x_wconf 85' lang='lat' dir='ltr'><strong>lictorum</strong></span> <span class='ocrx_word' id='word_1_147' title='bbox 891 1746 976 1806; x_wconf 91' lang='lat' dir='ltr'><strong>libris</strong></span> <span class='ocrx_word' id='word_1_148' title='bbox 990 1754 1020 1806; x_wconf 90' lang='lat' dir='ltr'><strong>et</strong></span> 
     </span>
     <span class='ocr_line' id='line_1_19' title="bbox 20 1832 1020 1914; baseline -0.003 -16"><span class='ocrx_word' id='word_1_149' title='bbox 20 1838 109 1898; x_wconf 90' lang='lat' dir='ltr'><strong>tribus</strong></span> <span class='ocrx_word' id='word_1_150' title='bbox 123 1833 327 1914; x_wconf 89' lang='lat' dir='ltr'><strong>Epistularum</strong></span> <span class='ocrx_word' id='word_1_151' title='bbox 341 1835 503 1912; x_wconf 90' lang='lat' dir='ltr'><strong>composita</strong></span> <span class='ocrx_word' id='word_1_152' title='bbox 522 1840 552 1894; x_wconf 92' lang='lat' dir='ltr'><strong>et</strong></span> <span class='ocrx_word' id='word_1_153' title='bbox 571 1833 648 1894; x_wconf 90' lang='lat' dir='ltr'><strong>edita</strong></span> <span class='ocrx_word' id='word_1_154' title='bbox 667 1840 745 1895; x_wconf 93' lang='lat' dir='ltr'><strong>sunt.</strong></span> <span class='ocrx_word' id='word_1_155' title='bbox 777 1852 813 1894; x_wconf 84' lang='lat' dir='ltr'><strong>cx</strong></span> <span class='ocrx_word' id='word_1_156' title='bbox 826 1833 874 1895; x_wconf 91' lang='lat' dir='ltr'><strong>his</strong></span> <span class='ocrx_word' id='word_1_157' title='bbox 887 1832 1020 1913; x_wconf 82' lang='lat' dir='ltr'><strong>intellegi</strong></span> 
     </span>
     <span class='ocr_line' id='line_1_20' title="bbox 17 1919 1060 2006; baseline -0.003 -19"><span class='ocrx_word' id='word_1_158' title='bbox 17 1931 111 2006; x_wconf 87' lang='lat' dir='ltr'><strong>potest</strong></span> <span class='ocrx_word' id='word_1_159' title='bbox 125 1921 177 1983; x_wconf 87' lang='lat' dir='ltr'><strong>Cn.</strong></span> <span class='ocrx_word' id='word_1_160' title='bbox 191 1922 364 2000; x_wconf 91' lang='lat' dir='ltr'><strong>Pompeium</strong></span> <span class='ocrx_word' id='word_1_161' title='bbox 379 1927 410 1981; x_wconf 93' lang='lat' dir='ltr'><strong>et</strong></span> <span class='ocrx_word' id='word_1_162' title='bbox 422 1919 459 1982; x_wconf 88' lang='grc' dir='ltr'><strong>Μ.</strong></span> <span class='ocrx_word' id='word_1_163' title='bbox 475 1920 614 1982; x_wconf 84' lang='lat' dir='ltr'><strong>Crassum</strong></span> <span class='ocrx_word' id='word_1_164' title='bbox 627 1939 687 1982; x_wconf 95' lang='lat' dir='ltr'><strong>non</strong></span> <span class='ocrx_word' id='word_1_165' title='bbox 701 1920 815 1982; x_wconf 84' lang='lat' dir='ltr'><strong>viribus</strong></span> <span class='ocrx_word' id='word_1_166' title='bbox 829 1921 916 1982; x_wconf 94' lang='lat' dir='ltr'><strong>modo</strong></span> <span class='ocrx_word' id='word_1_167' title='bbox 932 1929 961 1982; x_wconf 90' lang='lat' dir='ltr'><strong>et</strong></span> <span class='ocrx_word' id='word_1_168' title='bbox 975 1940 1019 1984; x_wconf 89' lang='lat' dir='ltr'><strong>ar·</strong></span> <span class='ocrx_word' id='word_1_169' title='bbox 1034 1943 1060 1984; x_wconf 79' lang='lat' dir='ltr'><strong>ro</strong></span> 
     </span>
     <span class='ocr_line' id='line_1_21' title="bbox 17 2008 1022 2092; baseline -0.003 -16"><span class='ocrx_word' id='word_1_170' title='bbox 17 2016 76 2092; x_wconf 91' lang='lat' dir='ltr'><strong>nis,</strong></span> <span class='ocrx_word' id='word_1_171' title='bbox 107 2010 160 2071; x_wconf 89' lang='lat' dir='ltr'><strong>sed</strong></span> <span class='ocrx_word' id='word_1_172' title='bbox 180 2011 299 2088; x_wconf 84' lang='lat' dir='ltr'><strong>ingenio</strong></span> <span class='ocrx_word' id='word_1_173' title='bbox 321 2026 438 2088; x_wconf 92' lang='lat' dir='ltr'><strong>quoque</strong></span> <span class='ocrx_word' id='word_1_174' title='bbox 457 2015 488 2070; x_wconf 91' lang='lat' dir='ltr'><strong>et</strong></span> <span class='ocrx_word' id='word_1_175' title='bbox 505 2011 637 2071; x_wconf 89' lang='lat' dir='ltr'><strong>oratione</strong></span> <span class='ocrx_word' id='word_1_176' title='bbox 660 2008 803 2092; x_wconf 79' lang='lat' dir='ltr'><strong>valuisse3</strong></span> <span class='ocrx_word' id='word_1_177' title='bbox 830 2009 971 2072; x_wconf 88' lang='lat' dir='ltr'><strong>Lentulos</strong></span> <span class='ocrx_word' id='word_1_178' title='bbox 991 2019 1022 2073; x_wconf 90' lang='lat' dir='ltr'><strong>et</strong></span> 
     </span>
     <span class='ocr_line' id='line_1_22' title="bbox 16 2095 1020 2179; baseline -0.001 -16"><span class='ocrx_word' id='word_1_179' title='bbox 16 2098 148 2163; x_wconf 89' lang='lat' dir='ltr'><strong>lietellos</strong></span> <span class='ocrx_word' id='word_1_180' title='bbox 168 2107 197 2159; x_wconf 89' lang='lat' dir='ltr'><strong>et</strong></span> <span class='ocrx_word' id='word_1_181' title='bbox 215 2095 356 2158; x_wconf 89' lang='lat' dir='ltr'><strong>Lucullos</strong></span> <span class='ocrx_word' id='word_1_182' title='bbox 375 2102 405 2156; x_wconf 89' lang='lat' dir='ltr'><strong>ct</strong></span> <span class='ocrx_word' id='word_1_183' title='bbox 423 2095 568 2158; x_wconf 84' lang='lat' dir='ltr'><strong>Curiones</strong></span> <span class='ocrx_word' id='word_1_184' title='bbox 586 2105 617 2158; x_wconf 91' lang='lat' dir='ltr'><strong>et</strong></span> <span class='ocrx_word' id='word_1_185' title='bbox 635 2104 764 2159; x_wconf 88' lang='lat' dir='ltr'><strong>ceteram</strong></span> <span class='ocrx_word' id='word_1_186' title='bbox 782 2116 941 2179; x_wconf 90' lang='lat' dir='ltr'><strong>procerum</strong></span> <span class='ocrx_word' id='word_1_187' title='bbox 960 2117 1020 2162; x_wconf 89' lang='lat' dir='ltr'><strong>ma·</strong></span> 
     </span>
     <span class='ocr_line' id='line_1_23' title="bbox 15 2183 1021 2270; baseline -0.004 -18"><span class='ocrx_word' id='word_1_188' title='bbox 15 2208 83 2252; x_wconf 93' lang='lat' dir='ltr'><strong>num</strong></span> <span class='ocrx_word' id='word_1_189' title='bbox 103 2186 231 2248; x_wconf 90' lang='lat' dir='ltr'><strong>multum</strong></span> <span class='ocrx_word' id='word_1_190' title='bbox 255 2187 286 2245; x_wconf 92' lang='lat' dir='ltr'><strong>in</strong></span> <span class='ocrx_word' id='word_1_191' title='bbox 304 2183 352 2247; x_wconf 91' lang='lat' dir='ltr'><strong>his</strong></span> <span class='ocrx_word' id='word_1_192' title='bbox 375 2184 482 2246; x_wconf 92' lang='lat' dir='ltr'><strong>studiis</strong></span> <span class='ocrx_word' id='word_1_193' title='bbox 506 2203 613 2265; x_wconf 90' lang='lat' dir='ltr'><strong>operae</strong></span> <span class='ocrx_word' id='word_1_194' title='bbox 631 2204 779 2266; x_wconf 91' lang='lat' dir='ltr'><strong>curaeque</strong></span> <span class='ocrx_word' id='word_1_195' title='bbox 798 2189 946 2270; x_wconf 88' lang='lat' dir='ltr'><strong>posuisse,</strong></span> <span class='ocrx_word' id='word_1_196' title='bbox 965 2205 1021 2250; x_wconf 89' lang='lat' dir='ltr'><strong>nec</strong></span> 
     </span>
     <span class='ocr_line' id='line_1_24' title="bbox 15 2272 1021 2360; baseline -0.003 -21"><span class='ocrx_word' id='word_1_197' title='bbox 15 2292 192 2360; x_wconf 90' lang='lat' dir='ltr'><strong>quemquam</strong></span> <span class='ocrx_word' id='word_1_198' title='bbox 214 2272 273 2334; x_wconf 92' lang='lat' dir='ltr'><strong>illis</strong></span> <span class='ocrx_word' id='word_1_199' title='bbox 295 2273 480 2354; x_wconf 89' lang='lat' dir='ltr'><strong>temporibus</strong></span> <span class='ocrx_word' id='word_1_200' title='bbox 502 2293 637 2354; x_wconf 80' lang='lat' dir='ltr'><strong>magnam</strong></span> <span class='ocrx_word' id='word_1_201' title='bbox 660 2277 822 2355; x_wconf 90' lang='lat' dir='ltr'><strong>potentiam</strong></span> <span class='ocrx_word' id='word_1_202' title='bbox 841 2278 905 2338; x_wconf 90' lang='lat' dir='ltr'><strong>sine</strong></span> <span class='ocrx_word' id='word_1_203' title='bbox 924 2275 1021 2354; x_wconf 88' lang='lat' dir='ltr'><strong>aliqua</strong></span> 
     </span>
     <span class='ocr_line' id='line_1_25' title="bbox 15 2363 1060 2445; baseline -0.005 -17"><span class='ocrx_word' id='word_1_204' title='bbox 15 2365 182 2445; x_wconf 89' lang='lat' dir='ltr'><strong>eloquentia</strong></span> <span class='ocrx_word' id='word_1_205' title='bbox 201 2369 401 2425; x_wconf 91' lang='lat' dir='ltr'><strong>consecutum.</strong></span> <span class='ocrx_word' id='word_1_206' title='bbox 432 2363 480 2424; x_wconf 93' lang='lat' dir='ltr'><strong>his</strong></span> <span class='ocrx_word' id='word_1_207' title='bbox 507 2363 665 2427; x_wconf 89' lang='lat' dir='ltr'><strong>accedebat</strong></span> <span class='ocrx_word' id='word_1_208' title='bbox 690 2363 830 2441; x_wconf 89' lang='lat' dir='ltr'><strong>splendor</strong></span> <span class='ocrx_word' id='word_1_209' title='bbox 852 2380 973 2423; x_wconf 89' lang='lat' dir='ltr'><strong>reorum</strong></span> <span class='ocrx_word' id='word_1_210' title='bbox 991 2370 1021 2423; x_wconf 90' lang='lat' dir='ltr'><strong>et</strong></span> <span class='ocrx_word' id='word_1_211' title='bbox 1035 2381 1060 2423; x_wconf 83' lang='lat' dir='ltr'><strong>u</strong></span> 
     </span>
     <span class='ocr_line' id='line_1_26' title="bbox 14 2449 1021 2533; baseline -0.005 -18"><span class='ocrx_word' id='word_1_212' title='bbox 14 2451 187 2533; x_wconf 86' lang='lat' dir='ltr'><strong>magnitudo</strong></span> <span class='ocrx_word' id='word_1_213' title='bbox 212 2468 380 2530; x_wconf 89' lang='lat' dir='ltr'><strong>causarum,</strong></span> <span class='ocrx_word' id='word_1_214' title='bbox 414 2468 488 2529; x_wconf 92' lang='lat' dir='ltr'><strong>quae</strong></span> <span class='ocrx_word' id='word_1_215' title='bbox 512 2452 628 2527; x_wconf 91' lang='lat' dir='ltr'><strong>etipsa</strong></span> <span class='ocrx_word' id='word_1_216' title='bbox 651 2449 813 2528; x_wconf 91' lang='lat' dir='ltr'><strong>plurimum</strong></span> <span class='ocrx_word' id='word_1_217' title='bbox 836 2449 1021 2528; x_wconf 89' lang='lat' dir='ltr'><strong>eloquentiae</strong></span> 
     </span>
     <span class='ocr_line' id='line_1_27' title="bbox 14 2536 1021 2622; baseline -0.005 -18"><span class='ocrx_word' id='word_1_218' title='bbox 14 2546 174 2622; x_wconf 86' lang='lat' dir='ltr'><strong>praestent.</strong></span> <span class='ocrx_word' id='word_1_219' title='bbox 189 2556 257 2600; x_wconf 87' lang='lat' dir='ltr'><strong>nam</strong></span> <span class='ocrx_word' id='word_1_220' title='bbox 266 2536 394 2598; x_wconf 92' lang='lat' dir='ltr'><strong>multum</strong></span> <span class='ocrx_word' id='word_1_221' title='bbox 403 2539 537 2616; x_wconf 88' lang='lat' dir='ltr'><strong>interest,</strong></span> <span class='ocrx_word' id='word_1_222' title='bbox 551 2543 691 2597; x_wconf 91' lang='lat' dir='ltr'><strong>utrumne</strong></span> <span class='ocrx_word' id='word_1_223' title='bbox 702 2537 738 2598; x_wconf 95' lang='lat' dir='ltr'><strong>de</strong></span> <span class='ocrx_word' id='word_1_224' title='bbox 752 2538 832 2598; x_wconf 78' lang='lat' dir='ltr'><strong>furto</strong></span> <span class='ocrx_word' id='word_1_225' title='bbox 847 2544 898 2597; x_wconf 90' lang='lat' dir='ltr'><strong>aut</strong></span> <span class='ocrx_word' id='word_1_226' title='bbox 912 2537 1021 2599; x_wconf 82' lang='lat' dir='ltr'><strong>formu·</strong></span> 
     </span>
     <span class='ocr_line' id='line_1_28' title="bbox 13 2622 1021 2707; baseline -0.005 -15"><span class='ocrx_word' id='word_1_227' title='bbox 13 2631 31 2692; x_wconf 87' lang='lat' dir='ltr'><strong>la</strong></span> <span class='ocrx_word' id='word_1_228' title='bbox 48 2638 83 2692; x_wconf 87' lang='lat' dir='ltr'><strong>et</strong></span> <span class='ocrx_word' id='word_1_229' title='bbox 96 2626 256 2689; x_wconf 90' lang='lat' dir='ltr'><strong>interdicto</strong></span> <span class='ocrx_word' id='word_1_230' title='bbox 272 2624 430 2686; x_wconf 91' lang='lat' dir='ltr'><strong>dicendum</strong></span> <span class='ocrx_word' id='word_1_231' title='bbox 443 2622 565 2704; x_wconf 90' lang='lat' dir='ltr'><strong>habeas,</strong></span> <span class='ocrx_word' id='word_1_232' title='bbox 589 2641 626 2684; x_wconf 87' lang='lat' dir='ltr'><strong>an</strong></span> <span class='ocrx_word' id='word_1_233' title='bbox 647 2624 683 2686; x_wconf 90' lang='lat' dir='ltr'><strong>de</strong></span> <span class='ocrx_word' id='word_1_234' title='bbox 698 2624 810 2686; x_wconf 89' lang='lat' dir='ltr'><strong>ambitu</strong></span> <span class='ocrx_word' id='word_1_235' title='bbox 824 2626 1021 2707; x_wconf 87' lang='lat' dir='ltr'><strong>comitiorum,</strong></span> 
     </span>
     <span class='ocr_line' id='line_1_29' title="bbox 14 2710 1020 2799; baseline -0.004 -19"><span class='ocrx_word' id='word_1_236' title='bbox 14 2717 149 2799; x_wconf 82' lang='lat' dir='ltr'><strong>expilatis</strong></span> <span class='ocrx_word' id='word_1_237' title='bbox 170 2716 258 2776; x_wconf 89' lang='lat' dir='ltr'><strong>sociis</strong></span> <span class='ocrx_word' id='word_1_238' title='bbox 280 2721 310 2774; x_wconf 90' lang='lat' dir='ltr'><strong>ct</strong></span> <span class='ocrx_word' id='word_1_239' title='bbox 330 2710 445 2774; x_wconf 86' lang='lat' dir='ltr'><strong>civibus</strong></span> <span class='ocrx_word' id='word_1_240' title='bbox 468 2712 632 2773; x_wconf 90' lang='lat' dir='ltr'><strong>trucidatis.</strong></span> <span class='ocrx_word' id='word_1_241' title='bbox 674 2730 749 2792; x_wconf 87' lang='lat' dir='ltr'><strong>quac</strong></span> <span class='ocrx_word' id='word_1_242' title='bbox 771 2711 847 2775; x_wconf 85' lang='lat' dir='ltr'><strong>mala</strong></span> <span class='ocrx_word' id='word_1_243' title='bbox 865 2714 944 2775; x_wconf 91' lang='lat' dir='ltr'><strong>sicut</strong></span> <span class='ocrx_word' id='word_1_244' title='bbox 961 2733 1020 2776; x_wconf 95' lang='lat' dir='ltr'><strong>non</strong></span> 
     </span>
    </p>
   </div>
   <div class='ocr_carea' id='block_1_3' title="bbox 11 2880 1022 3374">
    <p class='ocr_par' dir='ltr' id='par_1_4' title="bbox 11 2880 1022 3374">
     <span class='ocr_line' id='line_1_30' title="bbox 81 2880 1022 2955; baseline -0.003 -13"><span class='ocrx_word' id='word_1_245' title='bbox 81 2887 130 2955; x_wconf 79' lang='grc'><strong>36,</strong></span> <span class='ocrx_word' id='word_1_246' title='bbox 145 2891 179 2942; x_wconf 79' lang='lat'><strong>29</strong></span> <span class='ocrx_word' id='word_1_247' title='bbox 199 2884 263 2953; x_wconf 88' lang='lat' dir='ltr'><strong>quis</strong></span> <span class='ocrx_word' id='word_1_248' title='bbox 280 2882 409 2953; x_wconf 65' lang='lat' dir='ltr'><strong>Dipsium</strong></span> <span class='ocrx_word' id='word_1_249' title='bbox 428 2881 478 2949; x_wconf 88' lang='lat' dir='ltr'><strong>qui</strong></span> <span class='ocrx_word' id='word_1_250' title='bbox 496 2880 563 2952; x_wconf 89' lang='lat' dir='ltr'><strong>(nisi</strong></span> <span class='ocrx_word' id='word_1_251' title='bbox 582 2881 644 2950; x_wconf 89' lang='lat' dir='ltr'><strong>quis</strong></span> <span class='ocrx_word' id='word_1_252' title='bbox 663 2883 777 2939; x_wconf 80' lang='lat' dir='ltr'><strong>breuiter</strong></span> <span class='ocrx_word' id='word_1_253' title='bbox 794 2885 899 2940; x_wconf 76' lang='lat' dir='ltr'><strong>dictum</strong></span> <span class='ocrx_word' id='word_1_254' title='bbox 916 2890 954 2940; x_wconf 81' lang='lat' dir='ltr'><strong>eat</strong></span> <span class='ocrx_word' id='word_1_255' title='bbox 967 2900 1022 2954; x_wconf 79' lang='lat' dir='ltr'><strong>pro</strong></span> 
     </span>
     <span class='ocr_line' id='line_1_31' title="bbox 12 2950 1021 3023; baseline -0.006 -9"><span class='ocrx_word' id='word_1_256' title='bbox 12 2961 70 3014; x_wconf 84' lang='lat' dir='ltr'><strong>tto:</strong></span> <span class='ocrx_word' id='word_1_257' title='bbox 91 2956 144 3011; x_wconf 88' lang='lat' dir='ltr'><strong>sed</strong></span> <span class='ocrx_word' id='word_1_258' title='bbox 163 2955 279 3010; x_wconf 81' lang='lat' dir='ltr'><strong>deberet</strong></span> <span class='ocrx_word' id='word_1_259' title='bbox 295 2953 426 3022; x_wconf 87' lang='lat' dir='ltr'><strong>quisque.</strong></span> <span class='ocrx_word' id='word_1_260' title='bbox 438 2950 534 3022; x_wconf 65' lang='lat' dir='ltr'><strong>tueri)</strong></span> <span class='ocrx_word' id='word_1_261' title='bbox 559 2955 564 3021; x_wconf 90' lang='grc' dir='ltr'>Ι</span> <span class='ocrx_word' id='word_1_262' title='bbox 589 2959 623 3008; x_wconf 85' lang='grc'><strong>30</strong></span> <span class='ocrx_word' id='word_1_263' title='bbox 640 2955 816 3009; x_wconf 84' lang='lat' dir='ltr'><strong>tuerentnrb</strong></span> <span class='ocrx_word' id='word_1_264' title='bbox 832 2954 837 3023; x_wconf 92' lang='grc' dir='ltr'>Ι</span> <span class='ocrx_word' id='word_1_265' title='bbox 857 2961 890 3008; x_wconf 77' lang='lat'><strong>32</strong></span> <span class='ocrx_word' id='word_1_266' title='bbox 909 2953 1021 3008; x_wconf 85' lang='lat' dir='ltr'><strong>iudiciis</strong></span> 
     </span>
     <span class='ocr_line' id='line_1_32' title="bbox 12 3021 1021 3094; baseline -0.004 -12"><span class='ocrx_word' id='word_1_267' title='bbox 12 3031 176 3086; x_wconf 75' lang='lat' dir='ltr'><strong>Heumaem:</strong></span> <span class='ocrx_word' id='word_1_268' title='bbox 203 3024 324 3094; x_wconf 85' lang='lat' dir='ltr'><strong>publicis</strong></span> <span class='ocrx_word' id='word_1_269' title='bbox 343 3021 475 3093; x_wconf 88' lang='lat' dir='ltr'><strong>(publicis</strong></span> <span class='ocrx_word' id='word_1_270' title='bbox 494 3021 585 3077; x_wconf 81' lang='lat' dir='ltr'><strong>causis</strong></span> <span class='ocrx_word' id='word_1_271' title='bbox 604 3023 744 3089; x_wconf 80' lang='lat' dir='ltr'><strong>Biibrcus,</strong></span> <span class='ocrx_word' id='word_1_272' title='bbox 771 3021 883 3077; x_wconf 89' lang='lat' dir='ltr'><strong>iudiciis</strong></span> <span class='ocrx_word' id='word_1_273' title='bbox 901 3023 1021 3093; x_wconf 87' lang='lat' dir='ltr'><strong>publicis</strong></span> 
     </span>
     <span class='ocr_line' id='line_1_33' title="bbox 11 3092 1020 3166; baseline -0.004 -13"><span class='ocrx_word' id='word_1_274' title='bbox 11 3099 39 3154; x_wconf 84' lang='lat' dir='ltr'><strong>n.</strong></span> <span class='ocrx_word' id='word_1_275' title='bbox 52 3096 201 3166; x_wconf 78' lang='lat' dir='ltr'><strong>Apricolo)</strong></span> <span class='ocrx_word' id='word_1_276' title='bbox 217 3094 222 3162; x_wconf 89' lang='grc' dir='ltr'>Ι</span> <span class='ocrx_word' id='word_1_277' title='bbox 238 3093 434 3161; x_wconf 68' lang='lat' dir='ltr'><strong>ecquomodo.</strong></span> <span class='ocrx_word' id='word_1_278' title='bbox 447 3092 666 3148; x_wconf 78' lang='lat' dir='ltr'><strong>.sicAoe&#39;dcle&#39;oe=</strong></span> <span class='ocrx_word' id='word_1_279' title='bbox 684 3092 843 3150; x_wconf 83' lang='lat' dir='ltr'><strong>commode.</strong></span> <span class='ocrx_word' id='word_1_280' title='bbox 855 3093 917 3149; x_wconf 68' lang='lat' dir='ltr'><strong>ned</strong></span> <span class='ocrx_word' id='word_1_281' title='bbox 932 3096 938 3162; x_wconf 86' lang='grc' dir='ltr'>Ι</span> <span class='ocrx_word' id='word_1_282' title='bbox 953 3094 1020 3162; x_wconf 54' lang='lat' dir='ltr'><strong>dim</strong></span> 
     </span>
     <span class='ocr_line' id='line_1_34' title="bbox 11 3161 1022 3238; baseline -0.002 -17"><span class='ocrx_word' id='word_1_283' title='bbox 11 3165 230 3238; x_wconf 64' lang='lat' dir='ltr'><strong>stipulatam,</strong></span> <span class='ocrx_word' id='word_1_284' title='bbox 248 3179 295 3218; x_wconf 82' lang='lat' dir='ltr'><strong>eeu.</strong></span> <span class='ocrx_word' id='word_1_285' title='bbox 314 3164 465 3218; x_wconf 67' lang='lat' dir='ltr'><strong>Rhenanus</strong></span> <span class='ocrx_word' id='word_1_286' title='bbox 480 3166 516 3225; x_wconf 83' lang='grc'><strong>13</strong></span> <span class='ocrx_word' id='word_1_287' title='bbox 535 3161 710 3230; x_wconf 74' lang='lat' dir='ltr'><strong>transissent,</strong></span> <span class='ocrx_word' id='word_1_288' title='bbox 729 3163 902 3232; x_wconf 54' lang='lat' dir='ltr'><strong>euthimius</strong></span> <span class='ocrx_word' id='word_1_289' title='bbox 917 3166 922 3234; x_wconf 84' lang='grc' dir='ltr'>Ι</span> <span class='ocrx_word' id='word_1_290' title='bbox 938 3169 955 3218; x_wconf 82' lang='lat'>4</span> <span class='ocrx_word' id='word_1_291' title='bbox 971 3163 1022 3219; x_wconf 90' lang='lat' dir='ltr'><strong>bo·</strong></span> 
     </span>
     <span class='ocr_line' id='line_1_35' title="bbox 11 3231 1020 3364; baseline 0.001 -74"><span class='ocrx_word' id='word_1_292' title='bbox 11 3233 93 3364; x_wconf 61' lang='lat' dir='ltr'><strong>pqres</strong></span> <span class='ocrx_word' id='word_1_293' title='bbox 113 3233 238 3304; x_wconf 65' lang='lat' dir='ltr'><strong>conopeo</strong></span> <span class='ocrx_word' id='word_1_294' title='bbox 260 3233 266 3303; x_wconf 86' lang='grc' dir='ltr'>Ι</span> <span class='ocrx_word' id='word_1_295' title='bbox 291 3233 422 3288; x_wconf 71' lang='lat' dir='ltr'><strong>tectore</strong></span> <span class='ocrx_word' id='word_1_296' title='bbox 438 3231 581 3287; x_wconf 87' lang='lat' dir='ltr'><strong>volumina</strong></span> <span class='ocrx_word' id='word_1_297' title='bbox 599 3233 761 3303; x_wconf 77' lang='lat' dir='ltr'><strong>Acdreseul</strong></span> <span class='ocrx_word' id='word_1_298' title='bbox 789 3233 830 3304; x_wconf 89' lang='lat' dir='ltr'><strong>et]</strong></span> <span class='ocrx_word' id='word_1_299' title='bbox 850 3233 1020 3307; x_wconf 67' lang='lat' dir='ltr'><strong>Heumann!</strong></span> 
     </span>
     <span class='ocr_line' id='line_1_36' title="bbox 11 3302 1022 3374; baseline -0.002 -12"><span class='ocrx_word' id='word_1_300' title='bbox 11 3363 12 3366; x_wconf 68' lang='grc'>,</span> <span class='ocrx_word' id='word_1_301' title='bbox 43 3303 237 3374; x_wconf 84' lang='lat' dir='ltr'><strong>tiquuriorum</strong></span> <span class='ocrx_word' id='word_1_302' title='bbox 267 3302 473 3374; x_wconf 72' lang='lat' dir='ltr'><strong>Scbauetlee&#39;scb:</strong></span> <span class='ocrx_word' id='word_1_303' title='bbox 512 3303 735 3373; x_wconf 83' lang='lat' dir='ltr'><strong>antiquoriornm</strong></span> <span class='ocrx_word' id='word_1_304' title='bbox 800 3345 806 3372; x_wconf 90' lang='lat'><strong>,</strong></span> <span class='ocrx_word' id='word_1_305' title='bbox 844 3304 1022 3373; x_wconf 88' lang='lat' dir='ltr'><strong>antiquorum</strong></span> 
     </span>
    </p>
   </div>
   <div class='ocr_carea' id='block_1_4' title="bbox 14 3372 1022 3500">
    <p class='ocr_par' dir='ltr' id='par_1_5' title="bbox 14 3372 1022 3500">
     <span class='ocr_line' id='line_1_37' title="bbox 14 3372 1022 3500; baseline -0.003 -68"><span class='ocrx_word' id='word_1_306' title='bbox 14 3376 91 3434; x_wconf 80' lang='lat' dir='ltr'><strong>BbG</strong></span> <span class='ocrx_word' id='word_1_307' title='bbox 114 3379 119 3447; x_wconf 89' lang='grc' dir='ltr'>Ι</span> <span class='ocrx_word' id='word_1_308' title='bbox 146 3382 162 3431; x_wconf 87' lang='lat' dir='ltr'><strong>&#39;l</strong></span> <span class='ocrx_word' id='word_1_309' title='bbox 180 3372 360 3430; x_wconf 82' lang='lat' dir='ltr'><strong>bibliothecis</strong></span> <span class='ocrx_word' id='word_1_310' title='bbox 378 3376 471 3432; x_wconf 82' lang='lat' dir='ltr'><strong>BOF</strong></span> <span class='ocrx_word' id='word_1_311' title='bbox 488 3379 493 3446; x_wconf 86' lang='grc' dir='ltr'>Ι</span> <span class='ocrx_word' id='word_1_312' title='bbox 509 3381 526 3431; x_wconf 88' lang='lat' dir='ltr'><strong>o</strong></span> <span class='ocrx_word' id='word_1_313' title='bbox 544 3374 580 3429; x_wconf 89' lang='lat' dir='ltr'><strong>iis</strong></span> <span class='ocrx_word' id='word_1_314' title='bbox 598 3375 651 3500; x_wconf 57' lang='lat' dir='ltr'><strong>Pp</strong></span> <span class='ocrx_word' id='word_1_315' title='bbox 664 3381 697 3430; x_wconf 79' lang='lat'><strong>16</strong></span> <span class='ocrx_word' id='word_1_316' title='bbox 716 3374 874 3457; x_wconf 82' lang='lat' dir='ltr'><strong>cuasarum]</strong></span> <span class='ocrx_word' id='word_1_317' title='bbox 895 3391 1022 3430; x_wconf 77' lang='lat' dir='ltr'><strong>cursuum</strong></span> 
     </span>
    </p>
   </div>
   <div class='ocr_carea' id='block_1_5' title="bbox 15 3445 629 3575">
    <p class='ocr_par' dir='ltr' id='par_1_6' title="bbox 11 3445 629 3622">
     <span class='ocr_line' id='line_1_38' title="bbox 15 3445 629 3520; baseline -0.005 -17"><span class='ocrx_word' id='word_1_318' title='bbox 15 3447 70 3503; x_wconf 81' lang='lat' dir='ltr'><strong>ilb¹</strong></span> <span class='ocrx_word' id='word_1_319' title='bbox 97 3447 102 3520; x_wconf 92' lang='grc' dir='ltr'>Ι</span> <span class='ocrx_word' id='word_1_320' title='bbox 129 3452 164 3502; x_wconf 79' lang='lat' dir='ltr'><strong>ta</strong></span> <span class='ocrx_word' id='word_1_321' title='bbox 182 3445 366 3517; x_wconf 82' lang='lat' dir='ltr'><strong>praestabant</strong></span> <span class='ocrx_word' id='word_1_322' title='bbox 383 3447 424 3502; x_wconf 83' lang='lat'><strong>13¹</strong></span> <span class='ocrx_word' id='word_1_323' title='bbox 444 3449 449 3518; x_wconf 83' lang='grc' dir='ltr'>Ι</span> <span class='ocrx_word' id='word_1_324' title='bbox 471 3452 503 3503; x_wconf 82' lang='grc'><strong>19</strong></span> <span class='ocrx_word' id='word_1_325' title='bbox 522 3446 557 3501; x_wconf 88' lang='lat' dir='ltr'><strong>de</strong></span> <span class='ocrx_word' id='word_1_326' title='bbox 576 3461 629 3516; x_wconf 88' lang='lat' dir='ltr'><strong>exp</strong></span> 
     </span>
     <span class='ocr_line' id='line_1_39' title="bbox 16 3517 321 3575; baseline -0.003 -2.016"><span class='ocrx_word' id='word_1_327' title='bbox 16 3520 148 3575; x_wconf 68' lang='lat' dir='ltr'><strong>lectalecta:</strong></span> <span class='ocrx_word' id='word_1_328' title='bbox 172 3517 321 3575; x_wconf 87' lang='lat' dir='ltr'><strong>comitibus</strong></span> 
     </span>
    </p>
   </div>
   <div class='ocr_carea' id='block_1_6' title="bbox 633 3444 1022 3517">
    <p class='ocr_par' dir='ltr' id='par_1_7' title="bbox 633 3444 1022 3517">
     <span class='ocr_line' id='line_1_40' title="bbox 633 3444 1022 3517; baseline 0.01 -17"><span class='ocrx_word' id='word_1_329' title='bbox 633 3444 707 3501; x_wconf 85' lang='lat' dir='ltr'><strong>&#39;ctis</strong></span> <span class='ocrx_word' id='word_1_330' title='bbox 727 3445 785 3504; x_wconf 70' lang='lat'><strong>01⁴⁷</strong></span> <span class='ocrx_word' id='word_1_331' title='bbox 806 3448 811 3517; x_wconf 89' lang='grc'><strong>1</strong></span> <span class='ocrx_word' id='word_1_332' title='bbox 841 3445 948 3502; x_wconf 82' lang='lat' dir='ltr'><strong>caribus</strong></span> <span class='ocrx_word' id='word_1_333' title='bbox 967 3447 1022 3504; x_wconf 79' lang='lat' dir='ltr'><strong>Pu·</strong></span> 
     </span>
    </p>
   </div>
   <div class='ocr_carea' id='block_1_7' title="bbox 0 0 1242 4068">
    <p class='ocr_par' dir='ltr' id='par_1_8' title="bbox 0 0 1242 4068">
     <span class='ocr_line' id='line_1_41' title="bbox 0 0 1242 4068; baseline 0 2"><span class='ocrx_word' id='word_1_334' title='bbox 0 0 1242 4068; x_wconf 95' lang='lat' dir='ltr'><strong> </strong></span> 
     </span>
    </p>
   </div>
  </div>
 </body>
</html>
