2474 4068
234 217 298 282 278
578 209 884 266 conumurncrrr

195 389 221 428 ιο
300 361 376 423 Tum
394 360 443 422 ille
464 353 567 437 ‘leges'
586 359 684 436 inquit
702 353 786 436 ‘quid
805 355 957 417 Maternus
976 355 1033 416 sibi
1046 355 1226 437 debuerite

235 467 376 528 agnosces
400 465 474 527 quae
498 446 615 508 audisti.
648 445 727 523 quod
751 446 777 506 si
800 462 858 523 qua
879 446 979 505 omisit
997 442 1081 525 Cato,
1107 453 1228 523 sequent

234 539 407 599 recitatione
430 535 574 614 Thyestes
596 533 689 613 dicet3
716 533 792 594 hauc
811 534 891 594 enim
909 531 1090 611 tragoediam
1111 533 1228 610 disposu

235 629 293 688 iam
312 632 342 686 et
362 626 441 684 intra
453 641 500 684 me
514 625 578 701 ipse
592 622 723 682 lormavi.
752 628 840 699 atque
859 620 925 681 ideo
939 628 1089 681 maturare
1106 619 1178 680 libri
1191 621 1227 681 bn

234 717 282 774 ius
292 713 452 773 editionem
461 711 577 789 festino,
591 717 625 770 ut
634 708 755 769 dimissa
768 709 869 786 priore
884 726 956 770 cura
968 724 1059 769 novae
1069 711 1228 788 cogitation

452 799 459 813 .
552 796 571 856 b
621 793 638 857 .'

197 825 223 866 ¹5
237 806 626 963 wm‘ffiloetffteeltlrglgldledaiffe
645 885 718 945 istae
732 901 792 944 non
807 878 938 964 satiant,’
957 883 1055 961 inquit
1073 882 1159 962 Aper
1177 880 1228 961 ‘qut

235 977 334 1036 minus
348 976 466 1035 omissis
484 975 652 1034 orationum
669 979 699 1032 et
717 988 875 1032 causarum
893 969 1000 1030 studiis
1019 987 1110 1031 omne
1128 979 1228 1049 tempu

236 1063 323 1124 modo
346 1064 426 1123 circa
438 1060 584 1142 Medeam,
612 1077 681 1120 ecce
699 1075 779 1120 nunc
800 1060 880 1120 circa
897 1057 1056 1137 Thyestem
1076 1076 1228 1138 consumas

237 1168 305 1212 cum
319 1158 349 1211 te
363 1157 408 1210 tot
421 1151 583 1209 amicorum
597 1164 712 1227 causae,
725 1153 770 1208 tot
779 1146 962 1207 coloniarum
973 1153 1002 1206 et
1012 1148 1228 1232 municipiorun

198 1263 224 1304 so
238 1236 420 1300 clientelae
412 1255 444 1298 m
467 1237 564 1296 iorum
586 1241 704 1315 vocent,
723 1233 832 1311 quibus
852 1236 900 1294 vix
919 1233 1087 1314 sulleceris,
1113 1237 1228 1306 etiams]

237 1343 297 1386 non
311 1343 420 1385 novum
430 1323 501 1385 ubi
493 1341 557 1401 1pse
567 1324 718 1401 negotium
724 1323 924 1403 importasses‚
933 1327 968 1382 ut
976 1320 1142 1383 Domitium
1153 1330 1182 1382 et
1194 1311 1228 1406 ιιι

237 1422 351 1493 tonum,
373 1411 404 1471 id
428 1419 473 1471 est
495 1418 611 1471 nostras
624 1427 750 1488 quoque
768 1409 907 1470 historias
926 1415 957 1470 et
974 1407 1107 1469 Romana
1127 1413 1222 1470 nomin

238 1499 452 1562 Graeculorum
465 1497 572 1558 labulrs
586 1492 783 1575 adgregares?
1224 1423 1228 1564 ι

304 1584 334 1650 4.
348 1586 386 1648 Et
400 1585 562 1646 Maternus:
580 1580 785 1664 perturbarer
797 1584 853 1646 bac
866 1591 918 1646 tua
932 1587 1098 1665 severitate,
1114 1587 1173 1645 nisi
1190 1585 1212 1644 lr

239 1692 334 1756 quens
348 1683 379 1736 et
392 1674 510 1736 assidua
522 1673 609 1734 nobis
623 1673 794 1733 contentio'
786 1690 845 1732 ram
854 1690 946 1752 prope
957 1674 988 1732 in
997 1673 1213 1734 consuetudine

238 1767 385 1826 vertisset.
417 1781 485 1826 nam
503 1779 558 1823 nec
576 1770 610 1822 tu
629 1763 739 1839 agitare
758 1769 789 1820 et
805 1762 923 1838 insequi
941 1767 1043 1838 poetas
1061 1762 1218 1821 intermitti

240 1861 270 1914 et
288 1870 356 1932 ego,
375 1853 424 1913 cui
442 1849 584 1912 desidiam
602 1847 825 1909 advocationum
843 1847 946 1928 obicis,
965 1847 1172 1926 quotidianum
1190 1849 1223 1907 bo

213 1965 226 2006 o
239 1941 439 2020 patrocinium
455 1937 655 1999 defendendae
669 1935 810 1997 adversus
824 1943 854 1996 te
868 1937 1000 2014 poeticae
1014 1953 1151 1997 exerceo.
1188 1953 1223 2014 qu

239 2028 333 2089 laetor
352 2028 445 2104 magis
464 2025 593 2086 oblatum
611 2024 698 2085 nobis
718 2023 860 2104 iudicem,
879 2025 930 2102 qui
944 2042 990 2085 me
1004 2023 1050 2084 vel
1065 2025 1096 2085 in
1112 2024 1227 2086 loturum

239 2123 320 2176 vetet
342 2130 446 2174 versus
466 2113 577 2192 lacere,
599 2111 658 2192 vel,
682 2111 760 2190 quod
779 2112 970 2190 iampridem
989 2119 1072 2192 opto,
1096 2130 1152 2173 sua
1177 2129 1227 2190 quo

240 2220 298 2282 que
313 2203 487 2263 auctoritate
502 2158 665 2280 compellas,
678 2207 713 2260 ut
726 2201 843 2260 omissis
856 2201 1018 2260 sorensium
1028 2218 1187 2262 causarum
1196 2217 1227 2259 an

241 2292 361 2371 gustiis‚
379 2292 410 2350 in
430 2285 537 2367 quibus
551 2287 625 2347 mihi
639 2288 710 2348 satis
725 2304 874 2365 superque
888 2287 1025 2348 sudatum
1039 2294 1101 2368 est,
1121 2289 1227 2366 sanctio

201 2404 227 2444 ro
240 2390 305 2442 rem
318 2378 398 2441 illam
413 2384 442 2438 et
455 2378 656 2456 augustiorem
670 2373 869 2453 eloquentiam
883 2370 996 2436 colam?

308 2464 338 2530 5.
363 2463 436 2545 ‘Ego
453 2460 535 2526 vero'
554 2465 653 2544 inquit
671 2462 842 2543 Secundus,
871 2457 1039 2542 antequam
1053 2479 1101 2523 me
1117 2462 1227 2542 iudiceq

240 2556 321 2634 Aper
335 2560 463 2634 recuset,
482 2553 586 2614 faciam
605 2552 685 2632 quod
704 2550 792 2629 probi
811 2558 841 2611 et
854 2551 997 2612 moderati
1011 2550 1127 2611 iudices
1143 2550 1227 2630 solent

241 2652 275 2704 ut
288 2645 320 2704 in
333 2645 370 2702 iis
384 2640 600 2720 cognitionibus
613 2659 646 2701 se
659 2647 811 2720 excusent,
829 2640 860 2700 in
875 2638 983 2718 quibus
998 2637 1187 2699 manifestum
1200 2635 1227 2710 ed

241 2730 361 2790 alteram
377 2728 454 2806 apud
468 2747 519 2790 eos
532 2735 647 2807 partem
661 2730 755 2805 gratia
768 2726 945 2805 praevalere.
976 2727 1042 2804 quis
1056 2727 1138 2786 enirn
1152 2721 1227 2800 nesci

214 2841 227 2880 c
241 2817 389 2876 neminem
403 2815 476 2876 mihi
489 2817 724 2877 coniunctiorem
738 2832 803 2875 esse
817 2822 847 2876 et
861 2832 918 2876 usu
927 2815 1072 2874 amicitiae
1082 2822 1113 2875 et
1123 2813 1225 2874 assidn'

241 2911 301 2966 tate
315 2901 503 2964 contubernii
516 2921 604 2981 quam
618 2903 748 2964 Saleium
761 2903 894 2983 Bassum,
908 2920 977 2963 cum
991 2903 1136 2980 optimum
1151 2904 1195 2960 vir

241 3000 305 3054 tum
319 2990 569 3054 absolutissimum
582 2989 720 3069 poetam?
733 3008 823 3070 porro
838 2993 865 3051 si
877 2991 994 3070 poetica
1005 2998 1172 3070 accusatur,
1187 3005 1220 3048 no

241 3080 331 3142 alium
344 3080 429 3141 video
444 3097 529 3140 reum
542 3074 788 3157 locupletiorem?

312 3248 340 3316 Β,
355 3255 388 3303 10
406 3247 456 3316 inq
455 3247 499 3301 uit
516 3247 584 3316 quid
602 3263 664 3302 uos·
687 3248 719 3301 lu
738 3246 807 3316 quid
823 3246 885 3314 Bb,
903 3245 973 3328 quid
991 3245 1022 3300 F
1037 3243 1153 3313 (inquit,
1172 3239 1226 3298 sili

240 3318 334 3373 buerit
350 3318 519 3386 Nipperdey)
540 3319 544 3386 l
565 3323 599 3372 20
617 3316 757 3372 sufficeres
778 3318 843 3372 Poe.
864 3318 868 3385 1
889 3323 922 3372 21
942 3314 1124 3385 imposuisses
1141 3313 1226 3368 Asida

240 3387 297 3442 lius
316 3387 320 3453 Ι
340 3388 372 3440 ιιι
389 3387 452 3443 add
471 3387 597 3442 Nicanor
622 3387 626 3454 Ι
651 3393 685 3442 28
704 3388 907 3468 greacorumb·
928 3390 932 3454 Ι
957 3401 1116 3466 aggregans
1137 3384 1217 3440 Orelli

241 3455 268 3593 14,
284 3456 585 3580 1011ἓωῖ1311θῶὅῖ
603 3456 724 3511 modesti
744 3456 801 3511 01³
818 3460 822 3526 Ι
843 3462 859 3511 3
878 3455 922 3517 his
940 3455 988 3511 Bb
1005 3460 1009 3525 Ι
1026 3453 1226 3525 cogitationibu

265 3539 294 3578 se
423 3543 435 3579 ι
