2474 4068
249 203 342 258 DIAL.
361 203 409 258 DE
429 203 653 258 ORATORIBUS
672 211 785 260 23-26.
959 205 1023 270 299

21 354 136 418 dicendi
155 355 244 415 etiam
263 353 357 412 isdem
376 351 515 430 saeculis,
530 351 639 411 nedum
654 351 779 412 diversis
793 354 935 413 extitisse.
972 353 1023 413 sed
1038 376 1065 415 ro

23 461 74 523 quo
90 441 180 504 modo
194 443 274 504 inter
287 440 401 500 Atticos
416 447 547 499 oratores
562 441 674 516 primae
687 439 876 499 Demostheni
889 439 1024 501 tribuun-

23 543 73 612 tur,
90 531 261 609 proximum
277 526 403 605 [autem]
418 526 516 587 locum
529 525 691 587 Aeschines
705 534 736 587 et
749 527 912 606 Hyperides
927 535 957 588 et
970 528 1024 606 Ly·

23 623 75 679 sias
100 625 132 678 et
154 617 308 696 Lyeurgus
331 617 479 694 optinent,
510 617 639 674 omnium
663 623 762 675 autem
785 633 929 675 concessu
952 616 1025 676 baec

23 715 169 767 oratorum
193 711 272 764 aetas
291 704 416 763 maxime
434 701 591 783 probatur,
610 704 653 762 sic
673 703 750 781 apud
764 721 818 762 nos
841 702 944 764 Cicero
962 705 1024 781 qui·

22 796 83 855 dem
108 800 226 854 ceteros
250 791 411 852 eorundem
434 797 598 869 temporum
617 790 745 850 disertos
763 793 934 870 antecessit,
963 791 1025 852 Cal·
1039 813 1065 853 rs

22 900 70 942 rus
85 888 186 941 autem
206 888 236 940 et
249 879 368 939 Asinius
387 886 417 939 et
430 877 537 939 Caesar
557 885 587 939 et
600 877 716 939 Caelius
736 885 766 938 et
785 878 897 939 Brutus
915 881 981 940 iure
995 886 1026 940 et

21 968 169 1049 prioribus
197 975 228 1028 et
254 965 447 1046 sequentibus
475 973 702 1043 anteponuntur.
752 982 807 1026 nec
830 967 923 1046 refert
945 967 1024 1045 quod

21 1062 95 1118 inter
122 1073 156 1117 se
184 1056 283 1133 specie
311 1054 465 1133 differunt,
497 1071 566 1114 cum
597 1070 705 1131 genere
738 1055 930 1114 consentiant.
976 1054 1025 1114 ad·

21 1147 151 1206 strictior
179 1142 297 1223 Calvus,
324 1143 512 1202 numerosior
539 1140 672 1221 Asinius,
701 1139 882 1218 splendidior
910 1140 1025 1222 Caesar,

20 1235 147 1294 amarior
165 1230 292 1310 Caelius,
313 1231 430 1306 gravior
448 1227 572 1307 Brutus,
591 1228 793 1288 vehementior
814 1235 844 1288 ct
861 1228 976 1307 plenior
995 1236 1026 1290 et
1039 1251 1066 1291 so

20 1322 162 1382 valentior
172 1317 288 1379 Cicero:
304 1334 407 1377 omnes
420 1323 519 1376 tamen
534 1315 656 1376 eandem
671 1318 825 1377 sanitatem
840 1316 1025 1396 eloquentiae

18 1428 94 1486 prae
104 1425 139 1468 se
151 1407 259 1486 ferunt,
269 1413 303 1466 ut
313 1407 339 1465 si
354 1406 485 1465 omnium
500 1406 611 1482 pariter
620 1403 712 1464 libros
722 1406 753 1464 in
763 1421 883 1464 manum
893 1422 1025 1482 sumpse·

21 1500 71 1577 ris,
87 1497 177 1574 scias,
198 1495 330 1572 quamvis
344 1495 375 1552 in
390 1492 515 1552 diversis
532 1493 668 1572 ingeniis,
683 1509 748 1553 esse
763 1492 910 1570 quandam
922 1493 1026 1554 iudicii

21 1603 49 1646 ac
63 1583 225 1645 voluntatis
236 1580 459 1641 similitudinem
467 1587 496 1640 et
506 1582 717 1658 cognationem.
732 1597 800 1640 nam
810 1580 889 1658 quod
899 1582 1026 1641 invicem

22 1671 76 1749 [se]
94 1670 336 1731 obtrectaverunt
349 1675 379 1728 et
393 1674 463 1730 sunt
476 1667 573 1746 aliqua
587 1667 722 1745 epistulis
737 1685 840 1727 eornm
854 1669 974 1747 inserta,
989 1686 1025 1728 ex
1039 1689 1066 1730 rs

21 1760 129 1839 quibus
148 1764 249 1817 mutua
263 1756 429 1834 malignitas
443 1755 599 1835 detegitur,
618 1772 678 1814 non
693 1763 738 1815 est
752 1762 903 1816 oratorum
912 1757 1026 1836 vitium,

21 1849 68 1909 sed
84 1847 248 1907 hominurn.
280 1862 348 1905 nam
367 1852 397 1904 et
415 1842 535 1904 Calvum
550 1851 580 1903 et
595 1843 730 1903 Asinium
744 1850 774 1902 et
793 1845 891 1920 ipsum
910 1842 1025 1904 Cicero·

20 1953 87 1996 nem
102 1933 193 1995 credo
208 1932 311 1993 solitos
326 1930 370 2008 [et
383 1930 529 2008 invidere]
549 1939 579 1991 et
596 1929 688 1991 livere
707 1937 737 1990 ct
755 1933 863 1990 ceteris
882 1929 1026 1990 humanae

19 2023 200 2084 infirmitatis
213 2021 294 2080 vitiis
308 2019 406 2079 adfici:
421 2018 517 2079 solum
531 2020 609 2078 inter
623 2019 677 2078 bos
691 2018 819 2078 arbitror
829 2017 955 2079 Brutum
967 2034 1026 2078 non

18 2110 201 2190 malignitate
220 2125 275 2168 nec
293 2107 416 2186 invidia,
435 2106 487 2166 sed
506 2106 679 2184 simpliciter
697 2114 726 2166 et
740 2108 867 2184 ingenue
882 2106 1025 2167 iudicium
1039 2127 1066 2168 eo

18 2201 111 2261 animi
130 2198 178 2256 sui
196 2197 351 2256 detexisse.
388 2211 426 2254 an
443 2193 492 2254 ille
507 2194 643 2255 Ciceroni
656 2193 814 2273 invideret,
834 2195 887 2272 qui
900 2194 973 2254 mihi
986 2196 1028 2254 ri·

19 2289 108 2354 detur
122 2302 161 2345 nc
175 2282 293 2345 Caesari
307 2282 426 2361 quidem
439 2278 602 2342 invidisse?
616 2281 695 2360 quod
709 2281 746 2342 ad
761 2281 896 2341 Servium
906 2281 1027 2342 Galbam

18 2385 44 2437 et
55 2371 230 2436 C.Laelium
245 2372 357 2450 attinet,
373 2372 442 2430 etsi
456 2387 531 2448 quos
545 2368 617 2429 alios
631 2371 831 2447 antiquiorum
844 2371 954 2445 agitare
968 2386 1028 2428 non

18 2462 148 2539 destitit,
174 2476 233 2519 non
264 2459 355 2536 exigit
375 2457 574 2535 defensorem,
597 2474 666 2516 cum
689 2456 781 2516 fatear
804 2456 946 2533 quaedam
970 2455 1028 2516 elo·

19 2551 160 2630 quentiae
175 2563 278 2608 eorum
297 2553 331 2606 ut
345 2547 478 2606 nascenti
492 2544 588 2604 adbuc
602 2561 657 2604 nec
672 2545 743 2603 satis
758 2542 873 2603 adultae
888 2542 1027 2604 defuisse.
1041 2563 1068 2606 aa

84 2633 141 2698 26.
164 2633 302 2695 Ceterum
325 2635 352 2694 si
369 2635 478 2693 omisso
497 2634 608 2711 optimo
627 2631 677 2691 illo
697 2639 726 2691 et
744 2630 961 2709 perfectissimo
980 2648 1028 2710 ge·

87 2819 437 2892 25,12[ausem]1tioar
461 2821 466 2889 l
491 2820 532 2888 [et
549 2817 658 2890 Lysias]
683 2817 782 2874 Usener
805 2819 810 2887 Ι
841 2823 873 2872 13
893 2832 1030 2872 consensu

21 2895 85 2950 Part.
105 2896 109 2962 Ι
130 2897 163 2946 14
182 2891 221 2945 sic
241 2893 256 2946 b
275 2907 360 2945 corn:
380 2889 452 2943 sicut
469 2888 599 2958 BbOFf
621 2895 653 2944 16
672 2888 744 2959 iure]
764 2889 871 2942 sinere
890 2889 951 2958 (suo
970 2888 1029 2942 iure

19 2965 148 3035 Lipsius)
165 2963 169 3030 Ι
186 2966 219 3015 18
238 2959 371 3014 differunt
388 2975 451 3014 arcs:
471 2958 602 3014 differant
617 2962 621 3028 Ι
639 2965 672 3014 18
691 2957 853 3013 adstrictior
870 2959 1029 3014 Acidaliuse

19 3037 45 3088 at
64 3030 196 3088 strictior
211 3033 216 3100 Ι
233 3037 265 3085 19
284 3030 428 3085 nervoeior
447 3031 569 3098 Meiserl
589 3036 622 3084 21
643 3029 836 3096 sanctitatem,
855 3046 901 3084 ean.
921 3029 1031 3083 Iiberta-

18 3122 68 3160 ores
101 3106 106 3172 Ι
137 3107 171 3156 22
199 3117 267 3171 prae
291 3117 320 3155 se
342 3101 361 3155 f.
385 3102 540 3156 Aodrcsene
566 3101 663 3155 serunt
686 3100 858 3168 (praeferunt
875 3100 1032 3165 Acidaliae,
1119 3131 1123 3154 t

18 3173 136 3229 servant
152 3173 290 3242 Retinens)
306 3173 310 3240 Ι
326 3178 360 3226 23
380 3170 468 3226 seiam
483 3173 487 3240 Ι
503 3176 538 3225 24
557 3168 753 3238 cognationem
770 3171 935 3226 Beroaldus:
955 3167 1031 3238 ecgi-

19 3244 160 3298 tationem
188 3243 194 3310 Ι
223 3248 257 3297 25
279 3242 332 3312 [se]
352 3246 377 3297 et
395 3248 429 3297 28
449 3241 491 3312 [et
508 3239 646 3309 invidere]
666 3240 825 3308 Nipperdey
854 3242 859 3309 Ι
888 3245 922 3294 28
941 3238 1031 3294 livore

19 3315 112 3369 Ritter
128 3316 133 3381 l
149 3319 182 3367 29
201 3311 320 3366 Brutum
334 3313 410 3367 Rern
429 3313 523 3364 utrum
538 3313 655 3381 (nerum)
671 3311 727 3432 b3⁰
741 3308 848 3364 invidie
862 3309 1031 3363 detrectasse

20 3385 67 3439 sed
88 3383 212 3438 Ribbeck
236 3383 241 3453 Ι
266 3389 299 3437 83
319 3381 347 3437 (l.
369 3380 495 3436 Coelium
513 3382 549 3449 F,
569 3380 597 3435 O.
618 3379 670 3433 Car
692 3394 774 3432 onem
794 3380 907 3434 Classen
930 3381 935 3449 Ι
960 3377 1031 3432 cnti-

19 3469 147 3522 quorum,
167 3469 214 3508 em.
236 3453 303 3509 Ped.
323 3452 397 3507 Voss.
414 3453 419 3521 Ι
434 3451 511 3520 Aper
529 3450 637 3520 agitare
655 3451 746 3520 idem!
763 3454 798 3503 34
816 3447 929 3502 desistit
945 3449 1031 3504 Bere·

19 3527 99 3582 oldus
116 3525 122 3594 Ι
138 3522 314 3578 defensorem
331 3538 376 3576 res
399 3523 501 3578 Meieer
517 3523 521 3591 Ι
537 3522 582 3590 26,
599 3528 611 3575 1
633 3518 739 3589 opimo,
758 3536 805 3576 em.
825 3519 888 3574 Poe.
