2474 4068
222 191 286 254 296
566 188 735 244 CORNELII
752 189 872 245 ΤΑΟΙΤῙ

222 355 288 398 ossa
307 347 509 418 numerantur,
537 338 589 398 sed
612 345 793 415 temperatus
815 355 850 397 ac
868 336 963 397 bonus
987 341 1105 416 sanguis
1127 340 1222 496 impl,

221 426 353 487 membra
372 432 402 486 et
427 427 561 503 exsurgit
585 427 659 486 toris
684 427 824 504 ipsosque
849 442 956 485 nervos
981 424 1074 486 rubor
1099 430 1184 506 tegit

222 513 311 574 decor
334 514 526 574 commendat.
572 513 639 573 nolo
663 513 822 573 Corvinum
844 515 974 593 insequi,
1002 516 1071 592 quia
1093 533 1157 576 nec
1183 527 1222 594 pe

222 603 320 680 ipsum
334 603 416 661 stetit
431 620 488 679 quo
503 603 602 662 miuus
616 601 755 662 laetitiam
770 603 957 680 nitoremque
969 609 1145 663 nostrorum
1164 585 1222 682 teni

182 710 209 749 ao
222 707 328 768 porum
344 690 531 768 exprimeret,
550 696 580 749 et
593 689 735 768 videmus,
759 691 790 748 in
809 697 952 767 quantum
970 690 1084 750 iudicio
1103 693 1177 752 eius
1193 683 1222 774 vi

222 783 272 837 aut
285 778 375 836 animi
389 783 440 836 aut
452 777 565 854 ingenii
578 776 736 837 suffecerit.
1221 789 1222 868 Ι

287 861 338 924 22.
360 863 405 924 ld
424 863 597 924 Ciceronem
616 867 714 943 venio,
732 866 788 925 cui
807 865 909 926 eadem
923 883 1022 944 pugna
1037 883 1107 926 cum
1123 877 1222 946 aequa

220 951 299 1012 libus
318 953 380 1012 suis
399 951 467 1033 luit,
492 970 566 1031 qrrae
584 952 657 1013 mibi
675 952 826 1013 vobiscum
840 961 894 1013 est.
926 953 969 1013 illi
990 955 1069 1014 enim
1089 957 1220 1033 antiquo

221 1038 413 1120 mirabantur,
435 1042 499 1117 ipse
519 1058 641 1100 suorum
660 1048 828 1118 temporum
846 1040 1044 1119 eloquentiam
1067 1050 1205 1121 antepon

221 1128 285 1208 bat3
306 1146 362 1188 uec
385 1127 444 1189 ulla
467 1145 500 1188 re
522 1131 615 1206 magis
634 1137 766 1188 oratores
785 1129 889 1188 aetatis
908 1129 1040 1190 eiusdem
1058 1133 1220 1208 praecurr'

194 1233 310 1295 squam
328 1215 446 1277 iudicio.
482 1217 597 1294 primus
617 1219 695 1277 enim
716 1216 845 1276 excoluit
863 1218 1038 1297 orationem,
1061 1219 1185 1295 primus
1205 1237 1220 1278 e

221 1303 320 1365 verbis
333 1302 474 1364 dilectum
488 1303 622 1364 adhibuit
633 1312 663 1365 et
677 1305 882 1382 compositioni
895 1311 997 1384 artem,
1011 1304 1092 1365 locos
1107 1324 1216 1386 quoqu

220 1391 358 1451 laetiores
376 1392 531 1450 attentavit
550 1399 579 1450 et
600 1392 740 1469 quasdam
759 1393 920 1453 sententias
934 1394 1055 1472 invenit,
1075 1396 1222 1480 utiqueil

220 1479 258 1538 iis
272 1476 468 1556 orationibus,
491 1495 565 1556 quas
583 1480 641 1539 iam
659 1481 758 1538 senior
777 1486 806 1538 et
820 1481 901 1540 iuxta
915 1480 1005 1542 finem
1018 1483 1094 1542 vitae
1108 1481 1222 1568 compol

221 1567 294 1645 suit,
312 1565 415 1644 idest,
438 1573 594 1644 postquam
613 1567 706 1644 magis
728 1567 895 1643 proiecerat
917 1585 1033 1646 usuque
1057 1577 1088 1630 et
1111 1569 1222 1648 experil

181 1672 208 1712 ro
221 1655 329 1715 mentis
353 1653 497 1713 didicerat
520 1653 598 1731 quod
623 1656 766 1732 optimum
785 1655 903 1715 dicendi
921 1672 1015 1733 genus
1034 1665 1122 1718 esset.
1162 1651 1222 1724 nari

220 1743 336 1820 priores
351 1743 415 1801 eius
430 1743 578 1802 orationes
597 1759 657 1801 non
680 1750 782 1802 carent
804 1744 883 1802 vitiis
907 1745 1104 1822 antiquitatis:
1128 1727 1222 1822 lentul

221 1831 315 1890 estin
338 1831 506 1909 principiis,
529 1829 634 1908 longus
653 1832 683 1889 iu
703 1830 936 1912 narrationibus,
951 1835 1064 1892 otiosus
1078 1835 1161 1893 circa
1181 1825 1222 1898 erl

221 1934 337 1997 cessus,
367 1916 449 1979 tarde
473 1925 687 1996 commovetur,
716 1935 782 1977 raro
810 1917 975 1999 incalescit3
1004 1923 1092 1998 pauci
1120 1913 1222 1998 sensut

221 2012 288 2084 apte
311 2013 431 2065 etcum
455 2005 582 2082 quodam
600 2005 711 2065 lumine
730 2007 935 2066 terminantur.
958 2006 1032 2067 nihil
1055 2007 1222 2090 excerpere]

182 2109 208 2152 rs
221 2090 296 2151 nihil
313 2090 427 2151 referre
445 2094 556 2172 possis,
584 2099 614 2153 et
632 2093 712 2153 velut
729 2094 760 2152 in
775 2093 843 2153 rudi
857 2094 1003 2175 aedilicio,
1030 2095 1137 2157 firmus
1157 2095 1222 2206 sanq

220 2180 318 2258 paries
343 2186 373 2238 et
398 2178 572 2259 duraturus,
599 2180 729 2240 sednon
748 2181 984 2260 satisexpolitus
1003 2190 1032 2243 et
1058 2184 1222 2262 splendens

220 2283 274 2344 ego
295 2273 393 2326 autem
412 2273 571 2346 oratorem,
600 2269 677 2327 sicut
690 2267 868 2346 locupletem
881 2287 915 2330 ac
929 2269 1041 2331 lautum
1056 2279 1173 2348 patrem
1187 2267 1222 2334 lai

219 2354 330 2434 miliae,
352 2371 412 2414 non
431 2371 466 2414 eo
485 2362 600 2414 tautum
618 2353 683 2414 volo
702 2362 781 2415 tecto
800 2358 862 2434 tegi
875 2357 954 2434 quod
968 2357 1094 2418 imbrem
1108 2377 1144 2420 ac
1159 2377 1222 2419 rena

182 2497 185 2500 .
219 2451 284 2504 tum
298 2449 409 2521 arceat,
432 2442 483 2503 sed
507 2445 594 2503 etiam
620 2443 698 2522 quod
716 2445 812 2503 risum
831 2450 861 2504 et
879 2444 980 2504 oculos
999 2445 1144 2527 delectet3
1167 2445 1222 2514 norl

177 2549 205 2589 ao
219 2548 253 2591 ea
277 2530 373 2591 solum
395 2532 504 2591 instrui
527 2529 708 2609 supellectile
732 2548 807 2609 quae
825 2535 1001 2593 necessariis
1020 2533 1125 2594 usibus
1146 2534 1222 2594 sulli-¹

219 2620 285 2697 ciat,
301 2617 352 2678 sed
367 2619 406 2679 sit
419 2619 450 2678 in
464 2626 606 2697 apparatu
621 2620 684 2679 eius
699 2626 729 2679 ct
742 2636 847 2680 aurum
862 2627 893 2680 et
906 2637 1045 2700 gemmae,
1060 2630 1095 2681 ut
1106 2631 1222 2682 sumere

218 2706 250 2764 in
268 2722 372 2765 manus
391 2713 420 2764 et
439 2707 572 2783 aspicere
591 2709 708 2785 saepius
722 2706 818 2767 libeat.
860 2708 1004 2786 quaedam
1026 2726 1097 2769 vero
1119 2706 1222 2787 procul

218 2800 376 2852 arceantur
393 2799 428 2850 ut
444 2794 502 2851 iam
526 2792 692 2853 oblitterata
711 2802 741 2854 et
763 2795 884 2856 olentia:
911 2794 1026 2857 nullum
1044 2798 1083 2857 sit
1100 2795 1222 2857 verbum

290 2943 335 3010 21,
350 2947 383 2998 ea
402 2943 502 2997 rubore
519 2942 612 2997 Bon
633 2945 638 3014 Ι
663 2951 767 3000 38-nec
784 2947 846 3002 Bb:
864 2963 922 3001 non
941 2947 999 3002 OF
1021 2951 1025 3012 Ι
1045 2954 1080 3003 40
1099 2949 1128 3002 et
1146 2947 1222 3002 vide-³

217 3012 327 3097 masin
346 3013 481 3099 quantum
499 3013 657 3096 Acidaliae:
682 3014 836 3094 uiderimus
858 3017 973 3086 inquam
992 3017 1129 3099 (videmus
1148 3017 1222 3090 enim,

217 3083 710 3220 ittuailtlttudlt‘tdtal
720 3087 1218 3227 ‹illaillaoilffilbffilidiild

216 3224 298 3291 BF!
316 3230 348 3278 10
368 3226 411 3278 est
431 3227 435 3290 Ι
457 3230 491 3278 14
509 3226 574 3292 epte
594 3227 623 3279 et
640 3227 798 3282 Acidaliae:
817 3228 875 3295 opt.
895 3230 923 3282 et
939 3229 975 3295 B,
996 3230 1179 3298 opi......et
1195 3229 1216 3292 b,

218 3293 298 3360 optet
312 3292 347 3358 F,
367 3292 428 3361 opti
441 3295 471 3347 et
486 3292 509 3347 0
526 3296 602 3364 (apte
622 3294 727 3349 cadunt
745 3298 774 3350 et
789 3299 943 3365 Michaelis,
961 3300 1027 3366 epte
1046 3301 1075 3352 et
1092 3301 1125 3352 ut
1142 3313 1222 3368 opor-1

217 3362 260 3414 tei
281 3360 393 3430 Vahlen)
410 3365 414 3430 Ι
432 3369 463 3416 15
483 3365 522 3432 et]
544 3367 588 3418 set
607 3367 752 3422 Michaelis
768 3368 773 3435 Ι
798 3373 835 3423 1⁷·
850 3366 960 3422 lautum
978 3369 1107 3438 Lipsius:
1125 3367 1222 3423 lauda-1

216 3431 278 3484 tum
297 3432 301 3498 Ι
321 3435 355 3510 20
374 3431 545 3500 supellectili
565 3433 621 3488 OF
639 3439 643 3505 Ι
665 3442 698 3491 22
718 3438 759 3509 el]
778 3439 810 3492 ut
830 3437 887 3493 OF
909 3442 913 3506 Ι
938 3438 1028 3493 libeat
1045 3440 1120 3495 Rea.
1139 3438 1215 3509 Apri·

216 3501 289 3556 cota:
307 3498 392 3553 hcect
407 3503 412 3569 Ι
427 3506 461 3555 23
480 3505 617 3573 arcentur,
636 3522 682 3561 em.
694 3507 808 3577 Lipsiae
827 3510 1114 3580 (arcentorBdltrcaa)
1131 3513 1135 3580 Ι
1151 3505 1222 3562 anti·¹
