2474 4068
153 163 219 227 260
504 157 672 214 couuunu
690 156 810 211 rnoru

220 305 271 368 24.
295 306 404 377 Quinto
424 306 644 384 expeditionum
666 323 741 366 anno
756 322 829 365 nare
843 305 938 382 prima
952 311 1158 382 transgressus

154 397 269 475 ignotas
290 394 326 454 ad
345 394 375 455 id
391 403 507 472 tempus
522 396 619 473 gentis
629 393 742 455 crebris
757 392 892 453 simulac
906 393 1058 470 prosperis
1073 410 1159 470 proe-

154 483 202 544 liis
216 483 342 562 domuit3
360 499 483 560 eamque
497 491 612 560 partem
626 481 794 542 Britanniae
809 499 883 559 quae
897 479 1070 540 Hiberniam
1085 483 1161 558 aspi-

156 574 197 632 cit
215 573 309 650 copiis
326 572 480 650 instruxit,
503 572 534 629 in
553 588 636 648 spem
650 570 743 647 magis
758 586 846 647 quam
861 567 898 627 ob
913 567 1111 648 formidinem,
1135 570 1161 628 si

115 684 129 726 s
156 658 275 738 quidem
293 656 435 717 Hibernia
457 657 554 717 medio
577 660 656 718 iuter
673 656 854 716 Britanniam
878 663 966 734 atque
989 654 1161 733 Hispaniam

156 749 212 807 sita
226 755 256 807 et
271 744 380 804 Gallico
395 762 512 823 quoque
527 747 602 805 mari
623 753 787 824 opportuna
802 743 1029 803 valentissimam
1044 744 1162 822 imperii

156 840 270 911 partem
290 833 404 910 magnis
422 834 453 892 in
472 835 566 894 vicem
580 832 684 894 usibus
698 833 859 892 miscuerit.
897 833 1025 908 spatium
1039 833 1117 912 eius,
1138 834 1164 891 si

155 920 324 980 Britanniae
339 929 536 1000 comparetur,
551 923 714 1000 angustius,
734 920 831 979 nostri
844 921 934 979 maris
948 917 1061 979 insulas
1075 937 1164 998 supe·

75 1021 83 1036 ·
157 1016 211 1068 rat.
226 1008 320 1069 solum
330 1007 502 1087 caelumque
512 1005 993 1087 etingeriacultusquehominum
1002 1005 1081 1067 haud
1090 1007 1164 1067 mul·

119 1123 144 1163 10
159 1103 223 1156 tum
233 1114 249 1156 a
258 1095 410 1157 Britannia
421 1095 574 1157 differunt:
585 1098 863 1174 interioroporum,
873 1093 979 1155 melius
989 1094 1086 1155 aditus
1096 1113 1164 1174 por-

157 1191 265 1262 tusque
274 1202 329 1262 per
339 1185 515 1244 commercia
529 1192 559 1244 et
568 1185 766 1262 negotiatores
776 1185 895 1260 cogniti.
917 1181 1054 1260 Agricola
1063 1183 1165 1262 expul-

159 1289 225 1332 sum
240 1270 384 1331 seditione
395 1270 556 1332 domestica
569 1289 662 1331 uuum
677 1289 713 1330 ex
727 1269 838 1348 regulis
852 1271 948 1349 gentis
962 1279 1120 1349 exceperat
1131 1289 1165 1331 ac

159 1359 258 1437 specie
265 1359 410 1418 amicitiae
424 1360 456 1418 in
467 1360 652 1418 occasionem
661 1357 816 1419 retinebat.
837 1375 968 1436 saepeex
978 1358 1165 1419 eoaudivile-

160 1447 246 1523 gione
260 1463 318 1505 una
333 1453 363 1505 et
376 1444 501 1506 modicis
511 1445 626 1506 auxiliis
637 1444 778 1506 debeHari
791 1445 978 1524 obtinerique
991 1445 1166 1506 Hiberniam

120 1557 146 1603 15
159 1550 260 1613 posse,
282 1532 373 1612 idque
388 1534 476 1593 etiam
490 1533 631 1594 adversus
645 1532 827 1593 Britanniam
841 1534 1040 1613 profuturum,
1068 1537 1095 1594 si
1108 1533 1166 1594 Ro-

160 1638 245 1681 mana
257 1619 368 1699 ubique
383 1637 463 1681 arma
477 1629 507 1681 et
521 1619 601 1682 velut
615 1639 631 1681 e
646 1630 807 1700 conspectu
821 1619 942 1681 libertas
956 1621 1120 1682 tolleretur.

226 1705 278 1769 25.
301 1708 440 1768 Ceterum
447 1716 566 1790 aestate,
576 1727 633 1788 qua
644 1717 759 1770 sextum
769 1709 860 1769 officii
876 1727 986 1769 anuum
999 1709 1168 1790 incohabat,

161 1795 312 1875 amplexus
327 1797 460 1857 civitates
478 1805 560 1857 trans
573 1796 743 1858 Bodotriam
758 1798 840 1878 sitas,
855 1798 923 1875 quia
936 1806 1034 1857 motus
1049 1800 1167 1858 univer-

162 1902 261 1945 sarum
279 1885 357 1946 ultra
376 1887 508 1961 gentium
527 1894 557 1946 ot
575 1885 682 1945 infesta
695 1883 831 1945 hostibus
845 1886 994 1945 exercitus
1008 1887 1115 1946 itinera
1131 1889 1167 1947 ti-

161 1971 330 2052 mebantur,
353 1980 457 2050 portus
477 1971 569 2033 classe
592 1972 766 2053 exploravit3
806 1990 880 2050 quae
899 1971 935 2032 ab
953 1972 1089 2052 Agricola
1107 1978 1167 2052 pri-

136 2083 148 2124 a
163 2077 243 2120 mum
258 2060 412 2138 adsumpta
432 2062 464 2120 iu
481 2068 596 2138 partem
610 2062 718 2120 virium
733 2059 912 2138 sequebatur
927 2063 1043 2140 egregia
1058 2066 1168 2140 specie,

163 2165 232 2207 cum
245 2145 333 2206 simul
347 2156 436 2226 terra,
459 2146 546 2207 simul
565 2149 640 2207 mari
657 2146 767 2207 beHum
785 2147 1002 2229 impeHeretur,
1026 2168 1059 2209 ac
1079 2167 1168 2229 saepe

162 2234 258 2293 isdem
277 2236 382 2295 castris
400 2234 491 2311 pedes
510 2252 660 2314 equesque
682 2243 712 2294 et
725 2237 862 2295 nauticus
876 2235 961 2296 miles
975 2239 1059 2296 mixti
1074 2241 1169 2317 copiis

163 2330 193 2382 et
206 2319 316 2382 laetitia
330 2340 383 2384 sua
398 2324 523 2401 quisque
538 2323 623 2396 lacta,
638 2339 708 2383 suos
722 2340 809 2383 casus
823 2323 1003 2404 attoherent,
1027 2343 1060 2385 ac
1079 2326 1168 2386 modo

163 2409 303 2470 silvarum
322 2429 355 2471 ac
374 2412 519 2486 montium
537 2410 695 2490 profunda,
718 2410 805 2471 modo
824 2419 1033 2490 tempestatum
1055 2431 1089 2473 ac
1112 2413 1167 2474 llu-

125 2522 150 2562 ro
164 2505 266 2558 ctuum
281 2498 412 2580 adversa,
429 2498 499 2560 hinc
513 2508 593 2560 terra
608 2506 638 2560 et
650 2498 754 2579 hostis,
771 2499 841 2560 hinc
856 2501 951 2559 victus
965 2499 1100 2561 Oceanus
1114 2504 1168 2562 mi-

163 2585 243 2646 litari
256 2588 394 2648 iactantia
408 2596 658 2666 compararentur.
690 2586 848 2648 Britannos
867 2605 997 2669 quoque,
1016 2596 1051 2648 ut
1071 2606 1107 2648 ex
1123 2608 1169 2649 ca-

164 2675 253 2751 ptivis
277 2674 464 2756 audiebatur,
492 2678 554 2735 visa
586 2675 688 2736 classis
721 2674 985 2755 obstupefaciebat,
1018 2683 1168 2754 tamquam

165 2769 267 2838 aperto
282 2764 372 2822 maris
392 2765 440 2823 sui
458 2770 571 2822 secreto
586 2761 723 2822 ultimum
737 2764 822 2822 victis
836 2762 1004 2840 perfugium
1018 2763 1168 2825 claudere-

165 2855 223 2909 tur.
252 2848 287 2908 ad
306 2867 412 2910 manus
431 2857 461 2910 et
479 2867 559 2909 arma
577 2852 714 2910 conversi
732 2848 918 2911 Caledoniam
935 2851 1099 2911 incolentes
1117 2870 1169 2931 po-

236 2982 286 3053 24,
303 2989 317 3036 1
336 2981 403 3038 nari
420 2983 450 3038 in
467 2982 594 3063 proxima
612 2983 708 3053 Raptor
726 2989 751 3040 et
773 2983 855 3052 Weoo,
878 2982 909 3036 in
927 2983 1024 3038 Olotae
1042 2983 1169 3052 proxima

165 3053 334 3124 Nipperdey,
352 3070 417 3108 vero
435 3069 525 3122 primo
543 3054 645 3110 Becher
670 3057 674 3124 Ι
699 3055 832 3122 agentes
851 3055 878 3108 A
899 3055 936 3124 14
955 3053 991 3108 ob
1009 3055 1049 3109 A:
1067 3054 1098 3107 in
1115 3057 1143 3109 B
1164 3057 1167 3126 l

168 3129 201 3178 10
220 3122 352 3178 differunt
370 3125 532 3180 Rhenanus:
551 3123 645 3178 differt
677 3127 681 3194 Ι
714 3123 850 3178 interiora
866 3141 978 3192 parum,
1001 3124 1101 3178 melius
1120 3143 1170 3180 ocos

167 3194 305 3250 Ritterum
322 3197 365 3259 (iu
383 3197 422 3250 ed.
443 3196 476 3262 I)
492 3197 589 3250 secuti.-
611 3195 644 3248 ln
661 3193 761 3248 melius
782 3196 786 3262 Ι
804 3201 835 3248 11
854 3211 905 3264 per
923 3196 962 3250 A:
982 3195 1169 3266 etB125‚3

165 3263 294 3318 hostibus
308 3264 419 3321 Becker:
437 3263 550 3318 hostilia
569 3264 676 3334 (hostili
690 3263 812 3318 exercitu
825 3265 986 3335 Rhenanus)
1003 3269 1006 3334 Ι
1022 3265 1168 3332 timebant,

166 3352 214 3390 em.
235 3335 404 3390 Puteolanus
423 3333 552 3403 (timebat
570 3335 672 3404 Ritter)
694 3338 698 3404 Ι
719 3341 736 3389 4
754 3336 814 3388 tum
830 3334 952 3404 primum
972 3337 1113 3390 Prummor
1133 3341 1170 3406 lb

167 3402 407 3527 ppeoliestdddtaell
429 3407 436 3474 l
457 3412 472 3460 6
491 3404 652 3473 impellitur,
672 3421 719 3460 em.
739 3405 889 3461 Bhenanus
910 3417 915 3476 Ι
942 3412 975 3460 14
994 3405 1169 3460 Calidoniam

166 3490 231 3528 mco
244 3491 278 3528 en
293 3492 316 3527 rs
