2474 4068
183 169 249 232 286
533 163 837 219 connumerent

185 315 318 393 quentia,
341 331 396 374 nec
417 329 523 373 vereor
545 329 583 371 ne
602 310 676 370 mihi
693 327 833 388 umquam
853 309 942 370 rerba
959 311 991 370 in
1010 317 1116 371 senatu
1136 313 1193 371 nisi

185 419 239 480 pro
256 401 376 461 alterius
392 399 561 460 discrimine
576 398 709 458 iacienda
725 399 793 457 sint

254 487 303 550 12.
322 488 448 548 Nemora
472 504 541 547 vero
561 493 591 546 et
608 485 669 546 luci
682 491 713 546 et
727 492 875 545 secretum
889 486 1001 565 ipsum,
1020 486 1098 564 quod
1114 487 1194 566 Aper
1222 537 1223 540 ,

185 575 369 655 increpabat,
387 565 497 635 tantam
515 573 589 634 mibi
607 572 745 633 adierunt
759 571 950 651 voluptatem,
970 581 1003 633 ιιι
1017 575 1095 634 inter
1109 593 1193 652 prae·

186 665 290 742 cipuos
304 664 468 723 carmiuum
482 662 597 721 fructus
611 677 774 740 numerem,
788 659 867 739 quod
882 677 941 720 non
951 662 983 720 in
997 664 1124 740 strepitu
1138 681 1194 723 nec

187 751 307 812 sedente
331 757 398 810 ante
417 751 526 809 ostium
547 747 693 827 litigatore
713 765 768 808 nec
787 750 865 808 inter
883 747 987 808 sordes
1006 767 1039 809 ac
1058 749 1194 810 lacrimas

160 865 173 906 ι
186 856 307 899 reorum
321 844 552 917 componuntur,
571 837 623 898 sed
638 836 750 896 secedit
764 838 879 896 animus
893 837 924 895 in
938 835 1001 896 loca
1015 855 1091 915 pura
1104 845 1194 916 atque
1224 842 1225 924 l

186 927 355 987 innocentia
374 925 541 1004 fruiturque
560 923 680 984 sedibus
701 926 802 985 sacris.
838 923 911 983 haee
930 922 1115 1002 eloquentiae
1134 928 1194 1004 pri·
1224 959 1225 1006 q

187 1013 308 1095 mordia,
327 1014 400 1075 baec
418 1012 594 1092 penetralia3
611 1011 668 1071 boc
687 1013 815 1089 primum
834 1010 937 1071 babitu
956 1011 1098 1090 cultuque
1115 1031 1193 1074 com·
1224 1015 1225 1082 l

186 1101 322 1162 mandata
340 1100 514 1161 mortalibus
532 1102 562 1161 in
579 1098 628 1159 illa
642 1105 723 1159 casta
737 1107 767 1158 et
779 1097 869 1160 nullis
883 1107 1018 1159 contacta
1033 1102 1112 1160 vitiis
1127 1119 1193 1178 peo-

187 1197 252 1250 tora
266 1187 397 1250 influxit:
411 1190 455 1249 sic
470 1186 588 1248 oracula
601 1185 806 1265 loquebantur.
830 1204 897 1246 nam
911 1185 1046 1248 lucrosae
1059 1187 1151 1249 buius
1165 1197 1195 1249 et

149 1304 174 1343 ιο
188 1279 391 1355 sanguinantis
403 1275 587 1354 eloquentiae
601 1292 674 1336 usus
689 1291 793 1334 recens
808 1281 838 1334 et
851 1272 935 1333 malis
949 1275 1083 1336 moribus
1097 1284 1194 1354 natus,

188 1372 289 1442 atque,
307 1372 341 1424 ut
355 1372 387 1423 tu
402 1363 534 1443 dicebas,
552 1363 644 1441 Aper,
664 1364 693 1421 in
712 1361 810 1422 locum
824 1360 877 1421 teli
890 1370 1036 1439 repertus.
1060 1371 1194 1425 ceterum

188 1449 257 1510 felix
267 1450 339 1510 illud
354 1457 392 1530 et,
406 1457 440 1510 ut
451 1468 533 1509 more
543 1456 645 1510 nostro
655 1448 768 1528 loquar,
782 1466 905 1509 aureum
915 1449 1075 1530 saeculum,
1085 1460 1115 1512 et
1130 1470 1193 1512 ora·

188 1546 286 1598 torum
305 1547 335 1598 et
353 1539 512 1598 criminum
530 1539 629 1617 iuops,
647 1538 743 1616 poetis
762 1544 792 1596 et
809 1536 925 1598 vatibus
943 1537 1123 1621 abundabat,
1144 1543 1195 1619 qui

188 1625 263 1686 bene
278 1626 353 1686 lacta
368 1633 521 1705 canerent,
535 1642 594 1685 non
609 1626 661 1703 qui
675 1623 749 1684 male
764 1624 890 1685 admissa
904 1625 1106 1687 defenderent.
1140 1645 1194 1688 nec

150 1739 174 1779 ιι
188 1713 257 1774 ullis
271 1722 322 1774 aut
335 1713 428 1792 gloria
441 1715 534 1773 maior
549 1720 600 1774 aut
609 1714 761 1792 augustior
770 1711 874 1793 honor,
886 1715 1017 1790 primum
1026 1714 1105 1794 apud
1114 1714 1195 1794 deos,
1227 1722 1228 1800 l

189 1818 315 1880 quorum
329 1803 465 1880 prolerre
479 1818 621 1880 responsa
635 1809 666 1862 et
679 1803 823 1861 interesse
838 1801 934 1879 epulis
948 1800 1129 1882 ferebantur,
1147 1803 1195 1862 de-

188 1888 258 1949 inde
281 1890 358 1967 apud
378 1888 443 1950 illos
462 1889 507 1949 dis
526 1891 641 1967 genitos
663 1905 822 1966 sacrosque
836 1906 934 1969 reges,
953 1889 1033 1949 inter
1052 1907 1126 1968 quos
1146 1907 1196 1950 ne-

188 1979 298 2037 minem
317 1976 508 2057 causidicum,
527 1977 578 2037 sed
593 1976 710 2056 Orphea
729 1983 759 2036 et
772 1975 879 2036 Linum
893 1995 936 2057 ac,
956 1979 982 2037 sl
997 1979 1195 2056 introspicere
1228 2016 1229 2090 p

190 2063 277 2124 altius
291 2063 372 2143 velis,
386 2066 484 2142 ipsum
498 2063 662 2142 Apollinem
676 2065 852 2142 accepimus.
875 2064 922 2124 vel
935 2066 962 2124 si
975 2065 1048 2127 haec
1063 2066 1195 2126 sabulosa
1228 2093 1229 2126 ι

150 2177 175 2216 ιι
189 2152 278 2210 nimis
292 2159 322 2211 et
336 2153 497 2229 composita
511 2150 657 2232 videntur,
671 2150 744 2211 illud
759 2160 840 2212 certe
855 2152 927 2213 mihi
939 2154 1092 2233 concedes
1108 2154 1196 2233 Aper,

189 2256 249 2299 non
263 2240 407 2299 minorem
425 2237 567 2298 honorem
586 2238 713 2299 Homero
732 2257 821 2317 quam
839 2239 1028 2301 Demostheni
1047 2241 1125 2320 apud
1144 2260 1197 2319 po-

190 2334 298 2406 steros,
317 2344 372 2387 nec
391 2325 610 2405 angustioribus
630 2328 764 2387 terminis
783 2327 888 2387 lamam
906 2327 1058 2407 Eurlpidis
1076 2336 1129 2389 aut
1144 2330 1195 2389 So-

189 2414 303 2493 phoclis
324 2432 412 2494 quam
425 2414 529 2493 Lysiae
544 2422 595 2474 aut
608 2413 765 2494 Hyperidis
779 2415 899 2475 includi.
931 2415 1032 2494 plures
1046 2415 1135 2476 bodie
1149 2434 1195 2476 re·

188 2505 300 2583 peries,
319 2506 369 2582 qui
388 2502 540 2563 Ciceronis
562 2502 685 2580 gloriam
707 2521 795 2581 quam
814 2506 865 2581 qui
883 2503 997 2582 Virgilii
1015 2503 1196 2564 detrectent:

151 2613 176 2653 aa
189 2608 245 2651 nec
263 2590 341 2651 ullus
362 2591 456 2650 Asinii
474 2599 524 2651 aut
542 2589 693 2651 Messallae
716 2589 791 2650 liber
810 2597 870 2651 tam
888 2591 1022 2652 inlustris
1041 2599 1087 2652 est
1107 2610 1194 2671 quam

190 2676 291 2737 Medea
305 2677 401 2737 Ovidii
416 2686 467 2738 aut
480 2677 560 2738 Varii
579 2678 730 2757 Thyestes.

258 2761 307 2824 13.
328 2763 369 2825 Ac
389 2782 425 2824 ne
444 2765 592 2825 fortunam
612 2766 731 2843 quidem
748 2774 848 2826 ratum
867 2774 897 2826 et
914 2766 987 2827 illud
1007 2767 1077 2828 felix
1092 2775 1195 2828 contu·

261 2914 332 2982 122
350 2913 477 2983 increpet
494 2916 509 2970 b
526 2919 530 2983 l
547 2921 563 2970 3
582 2915 612 2969 in
630 2915 750 2985 strepitu
767 2916 845 2970 urbis
864 2917 986 2986 Scbopeo
1001 2920 1006 2987 l
1022 2924 1038 2973 'l
1057 2933 1196 2973 commen·

191 2986 258 3041 dala
278 2985 418 3041 Muretus:
438 2984 584 3040 commoda
602 2986 790 3067 (commodate.
808 2988 932 3056 Lepsios)
949 2990 954 3055 l
970 2994 986 3043 8
1005 2987 1035 3041 in
1053 2987 1107 3042 illa
1126 2988 1195 3043 OF:

191 3057 220 3111 et
238 3056 293 3112 ista
309 3057 359 3112 Bb
384 3060 388 3123 l
415 3062 448 3111 10
471 3055 628 3125 saginantls
646 3059 686 3113 ed.
705 3058 828 3112 Iuntina
845 3074 871 3112 a.
890 3061 975 3123 1527,
1003 3057 1136 3127 sanguini
1153 3057 1195 3111 in-

190 3126 296 3182 hiantis
313 3128 511 3197 Bezzenberqer
539 3129 544 3195 Ι
573 3128 603 3181 et
620 3143 655 3182 ex
671 3126 754 3180 malis
773 3126 805 3180 B'
830 3129 835 3196 Ι
866 3132 898 3182 to
916 3126 991 3181 ullus
1008 3128 1058 3182 Bb
1083 3130 1087 3199 Ι
1107 3127 1197 3182 maior

191 3198 318 3267 Lopsica:
346 3213 424 3252 more
442 3201 513 3268 (mor
532 3199 558 3267 b)
665 3198 729 3265 Bb,
756 3212 834 3251 more
853 3197 894 3265 F,
925 3197 956 3250 in
975 3213 1021 3252 cre
1042 3196 1075 3265 0,
1107 3197 1197 3252 maior

192 3270 253 3322 erat
270 3268 362 3323 Bitter
382 3271 386 3338 l
408 3275 440 3323 16
460 3267 563 3339 epulis]
583 3267 702 3322 oraculis
722 3269 766 3322 M.
784 3267 886 3337 Haupt
905 3268 910 3335 Ι
931 3273 964 3322 1‘1
983 3266 1054 3323 istos
1071 3269 1143 3336 Bbl
1165 3273 1196 3321 18

14 3337 405 3405 ffl„causidioorum‚
424 3355 471 3393 em.
486 3338 636 3393 Housmam
651 3342 655 3406 1
673 3344 706 3393 18
725 3339 754 3390 et
773 3337 840 3392 OF:
858 3353 892 3393 ac
909 3337 959 3393 Bb
975 3340 979 3407 Ι
995 3344 1030 3393 20
1047 3338 1198 3395 uideantur

194 3408 249 3463 0o¹
265 3410 269 3475 Ι
284 3407 362 3460 istud
381 3408 428 3462 Bb
445 3410 449 3475 l
465 3407 602 3475 concedis,
621 3424 668 3463 can.
683 3407 838 3475 Acidaliae,
856 3409 891 3477 ef.
910 3424 931 3464 c.
943 3411 1030 3477 33,24
1045 3410 1050 3478 Ι
1066 3415 1099 3464 at
1110 3410 1197 3465 hono·

193 3492 252 3530 rem
270 3476 368 3530 haberi
386 3476 485 3546 Macte
500 3481 504 3545 1
522 3476 566 3544 18,
581 3484 594 3531 1
614 3477 691 3531 istud
708 3477 772 3532 Bb²
