2474 4068
198 174 264 240 224
546 169 716 226 oonnnmr
735 169 857 226 sacrm

199 320 320 400 regibus
334 319 448 380 infinita
467 325 518 378 aut
536 316 629 379 libera
642 325 787 398 potestas,
805 327 836 380 ct
854 318 945 380 duces
959 318 1099 398 exemplo
1115 322 1217 398 potius

199 427 288 488 quam
301 409 440 488 imperio,
460 407 486 466 si
498 408 636 486 prompti,
651 409 677 466 si
690 407 854 487 conspicui,
878 409 905 466 si
918 414 986 469 ante
1000 409 1097 468 aciem
1120 419 1216 486 agam,

200 497 393 558 admiratione
415 501 566 574 praesunt.
600 502 733 555 ceterum
749 512 847 574 neque
861 496 1100 556 animadvertere
1116 514 1214 574 nequo

173 587 328 666 aviacire,
352 602 390 646 ne
408 581 565 643 verberare
585 583 704 661 quidem
722 583 782 643 nisi
801 582 1005 652 sacerdotibus
1018 586 1214 662 permissum,

200 691 260 734 non
280 673 364 752 quasi
381 672 412 731 in
430 686 554 749 poenam
575 687 630 731 neo
644 670 729 731 ducis
742 671 836 752 iussu,
859 671 911 732 sed
934 671 1015 733 velut
1037 671 1096 732 deo
1122 674 1214 752 impe·

200 767 298 838 rante,
321 776 409 839 quem
427 757 530 818 adesse
544 757 722 819 bellantibus
737 758 872 820 credunt.
891 759 1064 839 effigiesque
1079 767 1115 821 et
1131 763 1212 838 signa

201 847 344 927 quaedam
363 845 496 907 detracta
513 845 589 907 lueis
608 848 639 906 in
659 845 805 926 proelium
825 847 938 930 lerunt3
971 848 1115 927 quodque
1130 867 1212 926 prae-

201 937 322 1015 cipuum
345 933 528 995 fortitudinis
552 935 776 995 incitamentum
800 942 855 1015 est,
877 952 938 996 non
961 953 1048 996 casus
1070 954 1134 996 nec
1161 937 1212 997 for-

161 1048 187 1088 ro
200 1025 275 1086 tuita
294 1021 479 1101 conglobatio
497 1029 624 1083 turmam
642 1029 695 1083 aut
711 1040 840 1083 cuneum
858 1022 941 1105 lacit,
960 1023 1013 1084 sed
1031 1023 1168 1085 familiae
1190 1035 1212 1084 et

200 1111 450 1191 propinquitates;
477 1117 507 1171 et
533 1111 565 1170 in
592 1111 726 1189 proximo
754 1112 892 1192 pignora,
919 1110 999 1172 unde
1030 1110 1211 1174 feminarum

201 1199 330 1261 ululatus
349 1198 455 1278 audiri,
473 1196 552 1258 unde
570 1199 687 1276 vagitus
704 1197 869 1259 infantium.
905 1197 939 1258 bi
956 1201 1065 1278 cuique
1084 1204 1211 1263 sanctis·

201 1289 269 1349 simi
287 1293 391 1366 testes,
410 1285 443 1346 bi
463 1286 582 1346 maximi
604 1284 784 1348 laudatores:
807 1285 844 1346 ad
866 1293 984 1367 matres,
1007 1287 1045 1348 ad
1065 1290 1210 1368 coniuges

200 1373 322 1436 vulnera
337 1374 449 1454 lerunt;
462 1390 518 1434 nec
531 1372 598 1434 illae
612 1391 770 1435 numerare
779 1380 830 1435 aut
844 1375 962 1451 exigere
976 1373 1076 1453 plagas
1091 1386 1209 1456 pavent,

161 1486 187 1527 15
201 1461 342 1541 cibosque
357 1468 387 1521 et
400 1459 566 1522 hortamina
579 1460 780 1539 pugnantibus
794 1468 919 1540 gestant.

268 1547 297 1612 8.
320 1549 478 1610 Memoriae
496 1548 633 1628 proditur
651 1547 792 1627 quasdam
815 1551 894 1611 acies
917 1548 1072 1611 inclinatas
1096 1553 1162 1613 iam
1187 1561 1208 1614 et

201 1637 334 1700 labantes
358 1637 510 1698 aleminis
529 1638 681 1697 restitutas
700 1639 865 1697 constantia
886 1655 1011 1714 precum
1034 1645 1065 1699 et
1087 1639 1209 1704 obiectu

200 1735 357 1806 pectorum
377 1732 408 1787 et
427 1731 589 1786 monstrata
612 1725 776 1784 comminus
803 1726 986 1808 captivitate,
1015 1744 1103 1806 quam
1122 1728 1209 1808 longe

200 1815 402 1895 impatientius
417 1813 592 1874 seminarum
607 1829 728 1872 suarum
741 1812 860 1872 nomine
874 1813 993 1896 timent,
1011 1813 1083 1874 adeo
1097 1824 1135 1877 ut
1150 1819 1210 1878 elfi-

174 1925 187 1968 s
202 1905 301 1964 cacius
316 1902 484 1981 obligentur
499 1901 590 1960 animi
603 1901 763 1981 civitatum,
778 1899 886 1979 quihus
900 1901 980 1962 inter
993 1901 1113 1963 obsides
1126 1905 1209 1982 puel·

201 1989 246 2050 lae
265 2007 383 2068 quoque
401 1987 515 2048 nobiles
534 1989 727 2066 imperantur.
763 1990 861 2050 inesse
881 1991 1054 2068 quinetiam
1070 2000 1209 2055 sanctum

201 2076 312 2155 aliquid
331 2084 362 2136 ct
378 2075 533 2155 providum
551 2083 670 2159 putant,
697 2095 752 2138 nec
776 2084 827 2137 aut
846 2077 968 2138 consilia
987 2096 1089 2139 earum
1107 2097 1209 2160 asper-

201 2171 310 2225 nantur
324 2172 375 2224 aut
388 2181 530 2243 responsa
544 2163 711 2243 neglegunt.
734 2163 861 2225 vidimus
876 2164 932 2226 sub
947 2165 1013 2226 divo
1028 2165 1208 2246 Vespasiano

201 2251 356 2313 Velaedam
376 2251 426 2312 diu
442 2251 520 2331 apud
534 2251 693 2332 plerosque
711 2254 842 2312 numinis
855 2252 920 2314 loco
935 2252 1078 2334 habitam;
1108 2257 1165 2317 sed
1182 2266 1209 2318 et

161 2365 188 2406 ro
202 2339 272 2402 olim
289 2340 450 2402 Albrunam
466 2348 499 2400 et
520 2340 680 2419 compluris
699 2340 769 2400 alias
788 2343 920 2402 venerati
934 2349 1017 2423 sunt,
1035 2359 1094 2403 non
1107 2345 1208 2407 adula-

202 2432 283 2492 tione
297 2448 353 2492 nco
366 2436 515 2508 tamquam
530 2430 662 2490 lacerent
676 2430 753 2489 deas.

268 2515 297 2580 9.
321 2517 450 2580 Deorum
463 2519 588 2579 maxime
602 2516 783 2578 Mercurium
797 2516 913 2597 colunt,
932 2519 982 2578 cui
995 2519 1085 2579 certis
1099 2517 1207 2582 diebus

201 2604 338 2667 humanis
353 2625 472 2687 quoque
489 2606 594 2667 hostiis
609 2605 693 2666 litare
708 2605 752 2665 las
766 2604 883 2667 babent.
911 2605 1069 2666 Herculem
1083 2623 1115 2666 ac
1130 2607 1206 2670 Mar-

201 2700 262 2754 tem
281 2697 431 2754 concessis
450 2693 625 2754 animalibus
647 2693 771 2772 placant
813 2711 882 2772 pars
902 2693 1068 2754 Sueborum
1086 2701 1115 2754 ct
1133 2695 1206 2758 lsidi

202 2781 361 2842 sacrificat:
379 2780 457 2841 unde
476 2798 564 2842 eausa
582 2790 612 2841 et
626 2783 707 2860 origo
722 2783 879 2860 peregrino
902 2800 995 2862 sacro,
1009 2799 1112 2859 parum
1127 2802 1205 2845 conr-

274 2933 329 3001 ?‚2
349 2933 410 3006 aut]
431 2949 464 2987 ac
484 2933 524 3002 01
541 2933 626 2987 eliam
644 2933 747 3002 111113
766 2933 890 3004 agunto
901 2939 906 3003 1
923 2941 939 2989 6
957 2933 1047 2988 ueluti
1067 2934 1155 3000 0110
1176 2939 1206 2991 et

202 3005 235 3059 0:
256 3003 306 3058 aul
322 3004 370 3058 Bb
387 3005 392 3073 1
410 3009 441 3058 12
459 3002 583 3058 ululatus
602 3003 786 3059 foeminarum
806 3003 847 3073 01
863 3002 953 3058 audiri
972 3005 1022 3061 del.
1041 3005 1137 3071 Blitea,
1156 3022 1205 3061 au-

201 3074 277 3128 ditur
296 3075 392 3141 Koila,
424 3073 542 3127 audiunt
560 3073 690 3146 Madoip,
717 3074 815 3130 audias
835 3076 887 3142 (cel
903 3075 977 3130 unde
996 3076 1060 3132 est.
1076 3118 1082 3132 .
1097 3074 1204 3148 andire)

205 3144 341 3214 Wd'lstla'n,
360 3145 404 3199 osb
417 3143 513 3200 audire
528 3143 635 3212 Scholia,
652 3145 743 3215 possib
759 3151 821 3215 post
838 3144 989 3199 infantium
1007 3145 1204 3204 addiscemus

202 3215 257 3287 114
276 3231 438 3270 enumerare
458 3215 504 3285 01
524 3217 573 3269 aut
589 3216 651 3271 Bb:
671 3217 700 3270 ot
719 3218 749 3282 02
765 3215 821 3340 lVS,
837 3221 852 3270 6
871 3215 982 3271 nubiles
1000 3215 1168 3340 imperentur
1189 3221 1203 3274 b

200 3301 269 3342 corr.
288 3287 361 3342 solua
379 3304 412 3343 eoo
429 3288 554 3354 colobii
573 3286 703 3341 reledam
710 3287 767 3368 B..
791 3285 902 3367 alodem
923 3286 952 3354 0,
970 3287 1034 3341 nole
1056 3303 1102 3368 am
1117 3288 1131 3342 b
1147 3290 1151 3356 1
1169 3295 1202 3344 10

199 3355 449 3499 11111111.
461 3356 1202 3510 tractassemus,tintinna

198 3497 249 3553 Bb
268 3499 308 3569 (et
326 3498 474 3553 Herculem
491 3500 542 3555 del.
561 3498 661 3562 1111111)
677 3499 714 3564 13
734 3497 873 3552 consuetis
892 3497 1084 3567 Beafferscbeid

137 3699 212 3903 ,Χ
