2474 4068
251 183 344 240 Dian.
363 183 411 239 ΒΕ
431 183 656 241 ORATORJBUS
674 193 787 243 aa-aa.
960 186 1024 251 297

28 331 97 392 reiut
111 331 251 410 rubigine
262 332 414 411 iniectum,
429 331 502 393 nulli
511 350 617 394 sensus
631 334 714 395 tarda
729 341 759 394 et
773 336 861 394 inerti
876 344 1026 396 structura

29 423 177 480 inmorem
188 419 335 480 annalium
350 428 578 501 campanarium
592 421 698 499 fugitet
712 422 826 482 foedam
840 428 871 481 et
884 422 1026 484 insulsam
1040 443 1066 485 aa

29 508 244 588 scurrilitatem,
268 509 362 568 variet
390 510 646 590 compositionem,
669 527 724 571 nec
752 527 854 570 omncs
881 510 1026 571 clausulas

29 614 75 656 mo
90 605 122 658 et
138 596 242 656 codem
255 595 342 656 modo
357 594 542 657 determinet

82 681 138 744 23.
159 682 233 744 Nolo
263 684 393 744 inridere
419 692 531 745 rotam
558 683 740 747 Fortunae
763 694 795 747 et
816 688 874 747 ius
907 687 1026 746 verri-

27 789 96 830 num
111 779 144 832 et
157 771 230 832 illud
244 773 332 832 tertio
348 789 465 851 quoque
480 789 569 833 sensu
583 775 614 833 in
629 773 765 834 omnibus
779 773 962 835 orationibus
971 791 1025 853 pro

26 862 166 920 sententia
193 861 324 938 positum
352 877 430 920 esse
458 860 635 921 videatur.
670 878 739 921 nam
762 861 886 922 ethaeo
915 864 1025 923 invitus

26 947 120 1006 rettuli
140 956 170 1008 et
188 946 273 1026 plura
292 948 391 1026 omisi,
416 965 490 1025 quae
510 956 607 1008 tamen
627 948 688 1011 sola
706 950 851 1009 mirantur
870 957 958 1027 atque
977 967 1025 1010 ex·

25 1037 153 1111 primunt
170 1037 201 1116 ii,
220 1036 272 1113 qui
290 1052 323 1095 se
337 1036 474 1113 antiquos
488 1042 621 1096 oratores
635 1044 748 1097 vocant.
772 1039 920 1096 neminem
933 1039 1025 1098 nomi·
1039 1057 1053 1098 o

25 1121 107 1202 nabo,
131 1140 227 1202 genus
240 1122 393 1183 hominum
414 1123 595 1200 significasse
611 1131 782 1185 contentus:
805 1124 858 1184 sed
871 1122 955 1183 robis
969 1127 1025 1184 uti·

26 1228 72 1286 que
91 1217 253 1271 versantur
271 1217 339 1270 ante
359 1209 460 1270 oculos
479 1210 536 1291 illi,
562 1213 615 1290 qui
632 1210 779 1272 Lucilium
792 1229 846 1290 pro
861 1209 982 1271 Horatio
996 1219 1027 1272 et

25 1296 192 1359 lucretium
206 1315 260 1376 pro
274 1296 396 1400 Virgilio
410 1297 521 1378 legunt,
536 1298 644 1377 quibus
659 1299 827 1378 eloquentia
835 1299 933 1360 Aulidi
942 1298 1026 1360 bassi

26 1395 67 1446 aut
81 1385 202 1446 Servilii
216 1383 342 1446 Noniam
361 1404 398 1447 ex
417 1389 635 1464 comparatione
658 1387 799 1449 Sisennae
817 1396 868 1449 aut
886 1386 1026 1448 Varronis

25 1474 133 1555 sordet,
163 1475 216 1552 qui
242 1473 397 1534 rhetorum
423 1481 594 1536 nostrorum
622 1478 848 1537 commentarios
872 1476 1026 1537 fastidiunt
1040 1495 1067 1536 ao

26 1558 190 1642 lederunt],
205 1560 285 1622 Calvi
306 1563 460 1623 mirantur.
504 1580 578 1641 quos
596 1581 678 1624 more
692 1566 791 1642 prisco
805 1564 882 1642 apud
897 1564 1026 1624 iudicem

26 1648 185 1711 fabulantes
199 1667 259 1710 non
278 1649 429 1710 auditores
448 1658 627 1732 sequuntur,
650 1669 709 1711 non
723 1651 851 1729 populus
864 1650 959 1729 audit,
978 1653 1026 1710 rix

27 1736 147 1817 denique
173 1737 304 1815 litigator
328 1739 509 1816 perpetitur:
536 1738 607 1798 adeo
634 1741 738 1798 maesti
764 1746 794 1798 et
814 1737 920 1798 inculti
946 1736 1026 1797 illam

27 1825 121 1907 ipsam,
137 1843 226 1904 quam
240 1827 359 1905 iactant,
374 1827 530 1886 sanitatem
543 1843 602 1885 non
612 1826 760 1905 firmitate,
775 1825 826 1886 sed
836 1827 946 1886 ieiunio
958 1843 1026 1885 con-

26 1922 196 1992 sequuntur.
219 1930 309 1991 porro
328 1931 366 1974 ne
384 1915 416 1973 in
434 1929 558 1996 corpore
573 1914 692 1991 quidem
707 1913 903 1974 valetudinem
917 1913 1025 1973 medici
1039 1931 1065 1972 1⁵

26 2001 155 2081 probant,
170 2019 245 2080 quae
264 2002 355 2061 nimia
374 2002 519 2062 anxietate
538 2003 695 2082 contingit3
718 2019 823 2079 parum
842 2009 888 2062 est
906 2018 1027 2079 aegrum

25 2106 77 2149 non
92 2107 173 2150 esse:
197 2089 305 2149 sortem
318 2096 348 2150 et
361 2087 471 2150 laetum
486 2096 515 2149 et
529 2088 655 2150 alacrem
669 2089 743 2150 volo.
772 2108 865 2169 prope
884 2089 967 2151 abest
990 2088 1026 2150 ab

25 2177 201 2257 infirmitate,
210 2178 242 2237 in
251 2193 311 2254 quo
321 2174 382 2237 sola
392 2178 502 2238 sanitas
511 2176 655 2238 laudatur.
670 2196 722 2238 vos
732 2196 811 2259 vero,
825 2181 886 2240 viri
895 2179 1027 2239 disertis·

26 2267 95 2346 simi,
111 2271 148 2326 ut
160 2266 294 2345 potestis,
308 2271 342 2326 ut
356 2265 461 2345 lacitls,
479 2264 635 2326 inlustrate
650 2267 800 2328 saeculum
814 2274 949 2327 nostrum
963 2265 1026 2344 pul·

26 2351 171 2414 cherrimo
185 2369 294 2430 genero
312 2351 439 2413 dicendi.
470 2370 538 2413 nam
553 2361 582 2412 ct
596 2360 639 2434 te,
661 2353 808 2432 Messalla,
827 2354 911 2414 video
930 2353 1026 2411 laetis·
1040 2370 1067 2410 ao

27 2442 94 2501 sima
114 2457 250 2520 quaeque
269 2441 459 2518 antiquorum
472 2442 648 2520 imitantem,
664 2449 694 2501 ct
707 2458 768 2519 ros,
782 2439 912 2499 Materne
927 2455 960 2498 ac
976 2437 1026 2498 Se·

26 2530 135 2608 caude,
157 2530 198 2588 ita
216 2529 352 2605 gravitati
374 2545 516 2589 sensuum
538 2529 666 2588 nitorem
689 2536 719 2588 et
737 2526 850 2588 cultum
868 2525 1027 2587 verborum

27 2619 168 2697 miscetis,
187 2633 220 2676 ea
235 2614 339 2676 electio
353 2617 545 2695 inventionis,
568 2617 594 2676 is
608 2615 681 2675 ordo
695 2632 809 2695 rerum,
828 2632 874 2695 ea,
890 2615 1027 2694 quotiens

27 2721 109 2766 causa
134 2705 243 2783 poscit,
266 2702 400 2783 ubertas,
422 2720 469 2784 ea,
493 2705 630 2782 quotiens
652 2705 809 2784 permittit,
832 2703 974 2784 brevitas,
1001 2704 1027 2764 is

28 2793 245 2872 compositionis
264 2790 362 2871 decor,
381 2808 415 2852 ea
434 2793 647 2853 sententiarum
660 2791 786 2870 planitas
806 2799 859 2874 cst,
874 2793 917 2853 sic
931 2793 1027 2871 expri-
1040 2811 1067 2854 re

29 2945 161 3010 quitatem
179 2942 285 2997 olentia
302 2942 456 3011 Andrum,
489 2942 600 2999 exoleta
618 2944 764 3000 Acidaliae
792 2947 797 3010 Ι
826 2943 876 3010 22,
891 2950 927 2999 at
949 2940 1028 2997 velut

28 3012 184 3070 Rhamma
202 3013 249 3067 uel
265 3015 269 3082 Ι
286 3019 319 3067 tl
338 3012 471 3067 terminet
488 3014 602 3093 Lipsius
617 3017 622 3083 Ι
638 3015 708 3082 28,1
728 3013 869 3068 uarrinum
888 3012 954 3067 OF:
973 3012 1026 3066 Ve-

28 3083 127 3138 in'num
144 3084 193 3138 Bb
214 3085 218 3151 Ι
239 3089 255 3138 2
273 3082 350 3138 istud
368 3085 415 3153 ΒΙ
436 3090 452 3138 3
470 3082 607 3138 inmtaius
623 3085 628 3152 i
644 3089 660 3138 t
678 3085 782 3137 vocant
798 3082 925 3150 Leptine:
944 3096 1027 3135 uoce·

27 3150 90 3208 bant
110 3153 247 3222 (vocitant
260 3153 462 3223 Seburellciccb)
478 3155 483 3224 Ι
499 3161 514 3208 't
533 3152 578 3206 illi
595 3169 658 3208 noe:
676 3152 725 3207 isti
740 3155 745 3222 Ι
762 3159 778 3207 8
792 3150 897 3221 Aufidi]
917 3149 959 3205 tui
977 3150 1027 3204 fidi

30 3222 77 3292 ill
98 3223 242 3297 [odammt]
261 3224 423 3290 Hmmoatn,
443 3226 472 3278 el
490 3223 608 3278 odenmt
626 3224 641 3278 b
660 3239 728 3278 corr.
745 3225 750 3291 Ι
765 3221 796 3278 L.
814 3220 888 3276 Aelii
906 3222 1027 3292 Nipper-

28 3295 72 3364 dey
97 3301 101 3363 l
128 3301 161 3348 13
180 3293 265 3348 islam
283 3294 331 3349 Bb
351 3297 355 3363 l
382 3300 416 3348 14
432 3310 489 3349 non
508 3293 641 3347 firmitate
659 3293 817 3349 Acidaliae:
836 3290 1028 3348 infirmitatem

30 3364 85 3433 OF,
109 3364 356 3432 infirmitatemque
373 3364 421 3420 Bb
438 3367 443 3433 Ι
460 3371 493 3419 16
511 3362 598 3418 nimia
615 3362 646 3417 J.
664 3364 702 3416 H.
721 3363 757 3419 A.
776 3363 900 3419 deicolae:
919 3363 1025 3436 animil

31 3441 57 3490 18
74 3434 127 3490 viri
145 3435 210 3490 add.
228 3435 375 3491 Acidaliae
399 3438 404 3504 Ι
429 3441 463 3490 tt
481 3449 573 3488 rerum
592 3448 625 3487 ec
647 3432 792 3504 Wopkens:
810 3449 902 3488 rerum
921 3435 949 3488 el
969 3439 973 3505 Ι
993 3440 1028 3489 24

29 3505 214 3575 permittitur}
231 3510 264 3559 25
283 3504 405 3575 plenitas
425 3506 440 3560 b
459 3521 537 3570 corr„
555 3503 680 3573 pavitas
699 3505 843 3576 Scbnltinp
