2474 4068
334 175 548 234 GERMANIAE
567 127 698 235 11-15.Ι
938 180 1002 244 227

7 326 92 404 ignis
116 325 255 386 nobilitas
277 333 329 387 aut
351 344 454 406 magna
477 334 595 406 patrum
618 330 721 389 merita
743 329 886 408 principis
905 328 1004 407 digna-

7 417 111 474 lonem
127 415 216 474 etiam
235 412 463 476 adulescentulis
482 415 649 494 adsignant:
677 418 769 477 ceteri
786 416 1003 478 robustioribus

7 521 30 563 c
45 504 106 562 iam
120 501 237 581 pridem
250 502 382 581 probatis
396 503 602 584 adgregantur,
615 523 671 566 nec
684 505 777 566 rubor
790 507 868 566 inter
882 507 1004 567 comites

8 591 122 669 dspici.
150 590 260 669 gradus
275 593 345 670 quin
356 593 444 653 etiam
453 593 517 671 ipse
532 595 689 654 comitatus
703 591 800 674 habet,
813 594 923 655 iudicio
938 595 1002 654 eius
1017 615 1042 654 ιο

7 697 89 759 [uem
113 685 278 760 sectantur;
305 697 469 760 magnaque
492 688 521 742 et
545 683 685 742 comitum
708 681 873 764 aemulatio,
896 681 1004 762 quibus
1028 679 1030 682 ’

7 770 115 828 trimus
136 766 213 846 apud
234 769 399 847 principem
418 787 505 830 suum
523 768 620 850 locus,
639 778 669 832 et
682 771 859 852 principum,
878 772 926 831 cui
940 769 1003 849 plu·

8 857 68 916 imi
87 863 120 916 et
139 857 277 916 acerrimi
290 859 421 918 comites.
457 857 530 918 baec
553 857 689 939 dignitas,
712 858 766 919 bae
789 860 876 940 vires,
898 876 1004 936 magno

9 961 121 1023 emper
134 943 296 1006 electorum
311 946 450 1007 iuvenum
464 945 550 1025 globo
565 945 751 1027 circumdari,
772 948 803 1006 in
817 964 889 1025 pace
904 946 1003 1027 decus,

7 1051 28 1092 n
44 1031 124 1093 bello
138 1031 328 1111 praesidium.
350 1051 406 1094 nec
417 1033 511 1095 solum
525 1036 556 1094 in
566 1051 619 1096 sua
634 1042 720 1113 gente
735 1036 850 1115 cuique,
865 1034 916 1096 sed
927 1035 1003 1112 apud
1019 1054 1043 1095 15

7 1122 142 1182 initimas
157 1138 275 1200 quoque
289 1122 421 1182 civitates
436 1122 465 1182 id
480 1139 596 1202 nomen,
615 1140 648 1183 ea
663 1121 822 1202 gloriaest,
841 1125 867 1182 si
880 1140 1003 1183 numeru

7 1228 33 1270 rc
48 1210 160 1270 uirtute
175 1210 332 1271 comitatus
346 1211 485 1290 emineat;
513 1217 692 1289 expetuntur
713 1211 791 1272 enim
809 1209 1003 1290 legationibus

7 1305 29 1358 et
53 1295 229 1358 muneribus
253 1304 397 1358 ornantur
420 1306 450 1358 et
472 1300 536 1376 ipsa
559 1298 732 1378 plerumque
754 1298 829 1359 lama
848 1297 923 1359 bella
936 1316 1004 1377 pro·

7 1385 112 1464 ligant.

70 1470 121 1534 14.
144 1471 218 1534 Cum
232 1481 352 1535 ventum
366 1475 397 1534 in
412 1475 519 1556 aciem,
542 1483 629 1554 turpe
648 1476 776 1554 principi
794 1477 902 1536 virtute
916 1477 1004 1556 uinci,

7 1579 90 1640 ¹urpe
108 1563 261 1623 comitatui
279 1564 418 1623 virtutem
432 1564 576 1641 principis
590 1581 648 1624 non
663 1563 834 1641 adaequare.
861 1565 919 1624 iam
933 1581 1003 1624 vero

7 1651 111 1711 ,nieme
133 1651 165 1710 in
183 1667 299 1711 omnem
317 1652 406 1712 vitam
425 1669 458 1712 ac
477 1651 654 1729 probrosum
672 1653 862 1731 superstitem
875 1653 1004 1729 principi

7 1756 57 1800 suo
78 1756 113 1799 ex
132 1739 197 1798 acie
214 1740 387 1800 recessisse:
414 1738 496 1800 illum
511 1739 680 1819 deiendere,
702 1741 795 1818 tueri,
818 1756 871 1799 sua
886 1756 1003 1817 quoque
1032 1809 1038 1821 ,

7 1827 90 1886 sortia
109 1825 185 1887 lacta
203 1825 313 1904 gloriae
332 1829 396 1888 eius
414 1827 568 1906 adsignare
582 1829 774 1906 praecipuum
789 1834 1031 1888 sacramentuma

7 1922 66 1976 est:
80 1916 233 1993 principes
244 1933 300 1994 pro
313 1916 436 1976 victoria
449 1922 594 1996 pugnant,
609 1917 731 1976 comites
744 1931 799 1994 pro
812 1916 954 1994 principe.
978 1916 1004 1974 si

7 2005 116 2082 civitas,
139 2004 170 2062 in
186 2021 242 2082 qua
257 2005 315 2064 orti
329 2011 410 2084 sunt,
426 2003 510 2082 longa
524 2021 596 2082 pace
611 2010 641 2063 et
655 2005 715 2064 otio
728 2011 852 2084 torpeat,
870 2002 1003 2083 plerique

8 2090 147 2152 nobilium
166 2090 399 2153 adulescentium
416 2099 522 2172 petunt
534 2091 613 2153 ultro
628 2109 677 2152 eas
691 2093 838 2173 nationes,
853 2100 1004 2171 quactum

8 2178 115 2240 bellum
129 2178 246 2258 aliquod
261 2187 380 2260 gerunt,
400 2182 468 2259 quia
483 2189 512 2241 et
526 2182 640 2259 ingrata
654 2182 734 2260 genti
749 2182 832 2260 quies
847 2189 876 2241 et
890 2180 1004 2242 facilius

8 2269 83 2329 inter
101 2269 239 2346 ancipitia
253 2267 420 2330 clarescunt
433 2286 631 2348 magnumque
645 2271 816 2330 comitatum
831 2286 890 2329 nou
903 2271 962 2329 nisi
975 2270 1005 2329 ri
1018 2292 1044 2332 so

8 2355 141 2435 belloque
155 2363 271 2417 tueare:
295 2358 416 2435 exigunt
435 2358 512 2418 enirn
531 2375 551 2418 o
569 2359 713 2436 principis
728 2359 774 2418 sui
788 2357 961 2418 liberalitate
971 2355 1004 2416 il·

8 2443 67 2504 lum
77 2443 247 2505 bellatorem
258 2462 375 2526 equum,
385 2443 463 2506 illarn
473 2447 840 2524 cruentamvictricemque
851 2445 1004 2524 trameam3

8 2551 75 2594 nam
93 2532 196 2611 epulae
216 2541 245 2593 et
265 2550 441 2612 quamquam
459 2535 618 2612 incompti,
640 2533 714 2610 largi
731 2541 829 2593 tamen
848 2540 1004 2611 apparatus

8 2639 59 2700 pro
79 2620 224 2699 stipendio
244 2620 359 2682 cedunt.
388 2623 510 2682 materia
528 2621 746 2682 munificentiae
759 2637 813 2698 per
827 2618 903 2681 bella
917 2627 946 2680 et
960 2637 1004 2680 ra·

8 2717 83 2788 ptus.
106 2727 162 2770 nec
176 2726 259 2770 arare
272 2716 382 2770 terram
396 2717 446 2770 aut
460 2716 630 2789 exspectare
644 2726 753 2771 annum
766 2715 826 2770 tam
840 2708 924 2770 iacile
938 2727 1003 2789 per·
1019 2732 1043 2774 n

8 2798 134 2858 suaseris
149 2814 237 2876 quam
250 2815 355 2858 vocare
368 2796 483 2859 hostem
498 2805 528 2858 et
541 2796 661 2859 vulnera
675 2799 792 2859 mereri.
805 2799 922 2877 pigrum
934 2800 1004 2876 quin

8 2885 94 2946 immo
105 2893 135 2948 et
144 2887 224 2946 iners
235 2885 352 2948 videtur
362 2885 469 2947 sudore
484 2885 641 2966 adquirere
655 2886 733 2966 quod
747 2888 844 2965 possis
863 2888 1003 2965 sanguine

9 2991 118 3052 parare.

70 3059 118 3125 15.
137 3061 279 3132 Quotiens
289 3062 363 3124 bella
373 3081 432 3124 nou
443 3064 554 3143 incunt,
564 3081 623 3124 nun
634 3062 758 3125 multum
766 3061 928 3142 venatibus,
937 3060 1004 3138 plus

9 3153 174 3229 peculium
202 3153 382 3234 transigunt,
411 3151 503 3213 dediti
530 3169 632 3212 somno
660 3151 800 3232 ciboque,
826 3151 1004 3210 fortissimus

76 3305 146 3372 18st
166 3303 335 3374 dignitatem
352 3305 401 3360 Bo
419 3306 470 3361 soli
485 3307 489 3372 Ι
505 3311 521 3360 8
540 3303 626 3358 ceteri
644 3303 771 3374 Lipsius:
791 3301 889 3357 ceteris
904 3305 909 3373 Ι
925 3308 941 3358 9
959 3320 1004 3357 ru-

9 3373 66 3430 bori
88 3375 201 3431 Eraeste'
224 3379 229 3444 Ι
256 3382 286 3430 11
307 3375 420 3447 quibus]
439 3374 485 3430 cui
503 3375 649 3430 Acidaliae
669 3380 722 3442 113
741 3373 811 3427 baec
829 3374 901 3428 uires
921 3373 977 3429 0¹1>
998 3374 1002 3444 Ι

11 3447 80 3514 11,1
99 3448 128 3501 ei
145 3445 219 3502 tueri
239 3448 342 3503 Meieer
366 3449 371 3516 Ι
396 3446 489 3501 teins
508 3462 557 3501 om.
579 3446 595 3501 b
619 3447 624 3513 Ι
649 3450 680 3499 11
700 3445 814 3499 tuentur
832 3444 879 3500 Bo
897 3446 967 3514 solil
987 3459 1005 3498 a

10 3519 69 3574 add.
87 3517 233 3573 Acidaliae
248 3523 252 3588 Ι
269 3518 343 3586 15,1
364 3532 419 3571 non
437 3522 510 3584 (ante
528 3514 658 3586 multum)
676 3515 725 3572 del.
745 3514 860 3585 Lipsius

793 3604 847 3660 to*
