<?xml version="1.0" encoding="UTF-8"?>
<!DOCTYPE html PUBLIC "-//W3C//DTD XHTML 1.0 Transitional//EN"
    "http://www.w3.org/TR/xhtml1/DTD/xhtml1-transitional.dtd">
<html xmlns="http://www.w3.org/1999/xhtml" xml:lang="en" lang="en">
 <head>
  <title>
</title>
<meta http-equiv="Content-Type" content="text/html;charset=utf-8" />
  <meta name='ocr-system' content='tesseract 3.04.00' />
  <meta name='ocr-capabilities' content='ocr_page ocr_carea ocr_par ocr_line ocrx_word'/>
</head>
<body>
  <div class='ocr_page' id='page_1' title='image "./germaniaagricol03tacigoog_0063.png"; bbox 0 0 2474 4068; ppageno 0'>
   <div class='ocr_carea' id='block_1_1' title="bbox 500 839 1081 1104">
    <p class='ocr_par' dir='ltr' id='par_1_1' title="bbox 500 839 1081 1104">
     <span class='ocr_line' id='line_1_1' title="bbox 500 839 1081 982; baseline -0.009 0"><span class='ocrx_word' id='word_1_1' title='bbox 500 897 766 982; x_wconf 83' lang='lat' dir='ltr'><strong>connann</strong></span> <span class='ocrx_word' id='word_1_2' title='bbox 789 895 979 979; x_wconf 79' lang='grc'><strong>111111</strong></span> <span class='ocrx_word' id='word_1_3' title='bbox 1079 839 1081 842; x_wconf 54' lang='grc'><strong>’</strong></span> 
     </span>
     <span class='ocr_line' id='line_1_2' title="bbox 649 1047 830 1104; baseline 0.006 -1"><span class='ocrx_word' id='word_1_4' title='bbox 649 1047 830 1104; x_wconf 78' lang='lat' dir='ltr'>DIALOGUS</span> 
     </span>
    </p>
   </div>
   <div class='ocr_carea' id='block_1_2' title="bbox 383 1175 1099 1276">
    <p class='ocr_par' dir='ltr' id='par_1_2' title="bbox 383 1124 1099 1276">
     <span class='ocr_line' id='line_1_3' title="bbox 383 1175 1099 1276; baseline -0.001 0"><span class='ocrx_word' id='word_1_5' title='bbox 383 1179 488 1276; x_wconf 85' lang='lat' dir='ltr'><strong>nu</strong></span> <span class='ocrx_word' id='word_1_6' title='bbox 544 1175 1099 1276; x_wconf 72' lang='lat' dir='ltr'><strong>conueniens.</strong></span> 
     </span>
    </p>
   </div>
   <div class='ocr_carea' id='block_1_3' title="bbox 137 1440 1228 2922">
    <p class='ocr_par' dir='ltr' id='par_1_3' title="bbox 240 1440 1225 1785">
     <span class='ocr_line' id='line_1_4' title="bbox 295 1440 1225 1523; baseline -0.004 -21"><span class='ocrx_word' id='word_1_7' title='bbox 295 1440 330 1517; x_wconf 89' lang='grc' dir='ltr'><strong>Ι1.</strong></span> <span class='ocrx_word' id='word_1_8' title='bbox 354 1441 447 1520; x_wconf 85' lang='lat' dir='ltr'>Saepe</span> <span class='ocrx_word' id='word_1_9' title='bbox 467 1459 503 1501; x_wconf 81' lang='lat' dir='ltr'><strong>ex</strong></span> <span class='ocrx_word' id='word_1_10' title='bbox 521 1459 569 1500; x_wconf 90' lang='lat' dir='ltr'><strong>me</strong></span> <span class='ocrx_word' id='word_1_11' title='bbox 587 1443 729 1522; x_wconf 81' lang='lat' dir='ltr'>requiris,</span> <span class='ocrx_word' id='word_1_12' title='bbox 752 1441 832 1502; x_wconf 87' lang='lat' dir='ltr'><strong>Iuste</strong></span> <span class='ocrx_word' id='word_1_13' title='bbox 850 1440 935 1521; x_wconf 86' lang='lat' dir='ltr'>Fabi,</span> <span class='ocrx_word' id='word_1_14' title='bbox 959 1458 1026 1523; x_wconf 90' lang='lat' dir='ltr'><strong>cur,</strong></span> <span class='ocrx_word' id='word_1_15' title='bbox 1048 1459 1123 1501; x_wconf 93' lang='lat' dir='ltr'><strong>cum</strong></span> <span class='ocrx_word' id='word_1_16' title='bbox 1151 1443 1225 1519; x_wconf 88' lang='lat' dir='ltr'><strong>prior</strong></span> 
     </span>
     <span class='ocr_line' id='line_1_5' title="bbox 240 1528 1223 1608; baseline -0.004 -17"><span class='ocrx_word' id='word_1_17' title='bbox 240 1528 356 1591; x_wconf 91' lang='lat' dir='ltr'><strong>saecula</strong></span> <span class='ocrx_word' id='word_1_18' title='bbox 363 1538 407 1590; x_wconf 93' lang='lat' dir='ltr'><strong>tot</strong></span> <span class='ocrx_word' id='word_1_19' title='bbox 415 1530 609 1590; x_wconf 86' lang='lat' dir='ltr'><strong>eminentium</strong></span> <span class='ocrx_word' id='word_1_20' title='bbox 618 1538 769 1589; x_wconf 92' lang='lat' dir='ltr'><strong>oratorum</strong></span> <span class='ocrx_word' id='word_1_21' title='bbox 779 1531 905 1607; x_wconf 81' lang='lat' dir='ltr'><strong>ingeniis</strong></span> <span class='ocrx_word' id='word_1_22' title='bbox 914 1528 1064 1608; x_wconf 83' lang='lat' dir='ltr'><strong>gloriaque</strong></span> <span class='ocrx_word' id='word_1_23' title='bbox 1078 1528 1223 1588; x_wconf 87' lang='lat' dir='ltr'><strong>lloruerin</strong></span> 
     </span>
     <span class='ocr_line' id='line_1_6' title="bbox 240 1615 1217 1696; baseline -0.004 -17"><span class='ocrx_word' id='word_1_24' title='bbox 240 1626 341 1679; x_wconf 89' lang='lat' dir='ltr'><strong>nostra</strong></span> <span class='ocrx_word' id='word_1_25' title='bbox 359 1619 547 1696; x_wconf 91' lang='lat' dir='ltr'><strong>potissimum</strong></span> <span class='ocrx_word' id='word_1_26' title='bbox 560 1624 640 1693; x_wconf 85' lang='lat' dir='ltr'><strong>aetas</strong></span> <span class='ocrx_word' id='word_1_27' title='bbox 654 1616 771 1677; x_wconf 89' lang='lat' dir='ltr'><strong>deserta</strong></span> <span class='ocrx_word' id='word_1_28' title='bbox 786 1624 816 1677; x_wconf 92' lang='lat' dir='ltr'><strong>et</strong></span> <span class='ocrx_word' id='word_1_29' title='bbox 833 1615 919 1677; x_wconf 90' lang='lat' dir='ltr'><strong>laude</strong></span> <span class='ocrx_word' id='word_1_30' title='bbox 938 1616 1128 1695; x_wconf 82' lang='lat' dir='ltr'><strong>eloquentiae</strong></span> <span class='ocrx_word' id='word_1_31' title='bbox 1149 1615 1217 1676; x_wconf 86' lang='lat' dir='ltr'><strong>orba</strong></span> 
     </span>
     <span class='ocr_line' id='line_1_7' title="bbox 240 1703 1225 1785; baseline -0.006 -17"><span class='ocrx_word' id='word_1_32' title='bbox 240 1710 288 1768; x_wconf 88' lang='lat' dir='ltr'><strong>vix</strong></span> <span class='ocrx_word' id='word_1_33' title='bbox 307 1725 415 1767; x_wconf 92' lang='lat' dir='ltr'><strong>nomen</strong></span> <span class='ocrx_word' id='word_1_34' title='bbox 428 1709 526 1784; x_wconf 94' lang='lat' dir='ltr'><strong>ipsum</strong></span> <span class='ocrx_word' id='word_1_35' title='bbox 541 1706 668 1765; x_wconf 88' lang='lat' dir='ltr'><strong>oratoris</strong></span> <span class='ocrx_word' id='word_1_36' title='bbox 687 1707 827 1785; x_wconf 78' lang='lat' dir='ltr'><strong>retineat3</strong></span> <span class='ocrx_word' id='word_1_37' title='bbox 845 1722 942 1782; x_wconf 92' lang='lat' dir='ltr'><strong>neque</strong></span> <span class='ocrx_word' id='word_1_38' title='bbox 961 1706 1040 1764; x_wconf 92' lang='lat' dir='ltr'><strong>enim</strong></span> <span class='ocrx_word' id='word_1_39' title='bbox 1058 1705 1101 1763; x_wconf 88' lang='lat' dir='ltr'><strong>ita</strong></span> <span class='ocrx_word' id='word_1_40' title='bbox 1123 1703 1225 1782; x_wconf 82' lang='lat' dir='ltr'><strong>appell</strong></span> 
     </span>
    </p>

    <p class='ocr_par' dir='ltr' id='par_1_4' title="bbox 137 1790 1228 2922">
     <span class='ocr_line' id='line_1_8' title="bbox 214 1790 1228 1872; baseline -0.005 -17"><span class='ocrx_word' id='word_1_41' title='bbox 214 1821 227 1862; x_wconf 83' lang='lat'>⁵</span> <span class='ocrx_word' id='word_1_42' title='bbox 240 1813 307 1856; x_wconf 90' lang='lat' dir='ltr'><strong>mus</strong></span> <span class='ocrx_word' id='word_1_43' title='bbox 326 1796 385 1854; x_wconf 92' lang='lat' dir='ltr'><strong>nisi</strong></span> <span class='ocrx_word' id='word_1_44' title='bbox 399 1795 549 1872; x_wconf 86' lang='lat' dir='ltr'><strong>antiquos:</strong></span> <span class='ocrx_word' id='word_1_45' title='bbox 571 1793 678 1854; x_wconf 92' lang='lat' dir='ltr'><strong>horum</strong></span> <span class='ocrx_word' id='word_1_46' title='bbox 693 1800 790 1853; x_wconf 89' lang='lat' dir='ltr'><strong>autem</strong></span> <span class='ocrx_word' id='word_1_47' title='bbox 804 1799 970 1869; x_wconf 91' lang='lat' dir='ltr'><strong>temporum</strong></span> <span class='ocrx_word' id='word_1_48' title='bbox 984 1790 1088 1852; x_wconf 82' lang='lat' dir='ltr'><strong>diserti</strong></span> <span class='ocrx_word' id='word_1_49' title='bbox 1105 1791 1228 1852; x_wconf 92' lang='lat' dir='ltr'><strong>causidi</strong></span> 
     </span>
     <span class='ocr_line' id='line_1_9' title="bbox 241 1879 1226 1959; baseline -0.007 -16"><span class='ocrx_word' id='word_1_50' title='bbox 241 1891 272 1944; x_wconf 91' lang='lat' dir='ltr'><strong>et</strong></span> <span class='ocrx_word' id='word_1_51' title='bbox 290 1883 423 1943; x_wconf 91' lang='lat' dir='ltr'><strong>advocati</strong></span> <span class='ocrx_word' id='word_1_52' title='bbox 445 1889 475 1942; x_wconf 93' lang='lat' dir='ltr'><strong>et</strong></span> <span class='ocrx_word' id='word_1_53' title='bbox 493 1883 611 1959; x_wconf 92' lang='lat' dir='ltr'><strong>patroni</strong></span> <span class='ocrx_word' id='word_1_54' title='bbox 629 1889 659 1941; x_wconf 91' lang='lat' dir='ltr'><strong>et</strong></span> <span class='ocrx_word' id='word_1_55' title='bbox 683 1879 798 1959; x_wconf 81' lang='lat' dir='ltr'><strong>quidvis</strong></span> <span class='ocrx_word' id='word_1_56' title='bbox 820 1881 919 1958; x_wconf 92' lang='lat' dir='ltr'><strong>potius</strong></span> <span class='ocrx_word' id='word_1_57' title='bbox 943 1897 1031 1958; x_wconf 91' lang='lat' dir='ltr'><strong>quam</strong></span> <span class='ocrx_word' id='word_1_58' title='bbox 1044 1887 1184 1940; x_wconf 90' lang='lat' dir='ltr'><strong>oratores</strong></span> <span class='ocrx_word' id='word_1_59' title='bbox 1201 1899 1226 1936; x_wconf 88' lang='lat' dir='ltr'><strong>r</strong></span> 
     </span>
     <span class='ocr_line' id='line_1_10' title="bbox 242 1967 1226 2046; baseline -0.006 -15"><span class='ocrx_word' id='word_1_60' title='bbox 242 1977 356 2031; x_wconf 90' lang='lat' dir='ltr'><strong>cantur.</strong></span> <span class='ocrx_word' id='word_1_61' title='bbox 391 1972 441 2030; x_wconf 93' lang='lat' dir='ltr'><strong>cui</strong></span> <span class='ocrx_word' id='word_1_62' title='bbox 462 1970 680 2046; x_wconf 82' lang='lat' dir='ltr'><strong>percontationi</strong></span> <span class='ocrx_word' id='word_1_63' title='bbox 697 1975 765 2028; x_wconf 89' lang='lat' dir='ltr'><strong>tuae</strong></span> <span class='ocrx_word' id='word_1_64' title='bbox 784 1967 964 2044; x_wconf 90' lang='lat' dir='ltr'><strong>respondere</strong></span> <span class='ocrx_word' id='word_1_65' title='bbox 988 1973 1102 2028; x_wconf 89' lang='lat' dir='ltr'><strong>ettam</strong></span> <span class='ocrx_word' id='word_1_66' title='bbox 1127 1985 1226 2045; x_wconf 86' lang='lat' dir='ltr'><strong>magna</strong></span> 
     </span>
     <span class='ocr_line' id='line_1_11' title="bbox 242 2053 1226 2135; baseline -0.004 -19"><span class='ocrx_word' id='word_1_67' title='bbox 242 2058 423 2135; x_wconf 88' lang='lat' dir='ltr'><strong>quaestionis</strong></span> <span class='ocrx_word' id='word_1_68' title='bbox 438 2055 554 2133; x_wconf 82' lang='lat' dir='ltr'><strong>pondus</strong></span> <span class='ocrx_word' id='word_1_69' title='bbox 570 2058 719 2134; x_wconf 85' lang='lat' dir='ltr'><strong>excipere,</strong></span> <span class='ocrx_word' id='word_1_70' title='bbox 734 2062 768 2115; x_wconf 94' lang='lat' dir='ltr'><strong>ut</strong></span> <span class='ocrx_word' id='word_1_71' title='bbox 786 2062 836 2114; x_wconf 93' lang='lat' dir='ltr'><strong>aut</strong></span> <span class='ocrx_word' id='word_1_72' title='bbox 849 2053 886 2114; x_wconf 93' lang='lat' dir='ltr'><strong>de</strong></span> <span class='ocrx_word' id='word_1_73' title='bbox 899 2057 1026 2133; x_wconf 84' lang='lat' dir='ltr'><strong>ingeniis</strong></span> <span class='ocrx_word' id='word_1_74' title='bbox 1039 2058 1157 2116; x_wconf 92' lang='lat' dir='ltr'><strong>nostris</strong></span> <span class='ocrx_word' id='word_1_75' title='bbox 1176 2053 1226 2115; x_wconf 92' lang='lat' dir='ltr'><strong>mal</strong></span> 
     </span>
     <span class='ocr_line' id='line_1_12' title="bbox 242 2142 1213 2224; baseline -0.002 -21"><span class='ocrx_word' id='word_1_76' title='bbox 242 2143 469 2203; x_wconf 80' lang='lat' dir='ltr'><strong>existimandum</strong></span> <span class='ocrx_word' id='word_1_77' title='bbox 482 2146 535 2224; x_wconf 81' lang='lat' dir='ltr'><strong>sit,</strong></span> <span class='ocrx_word' id='word_1_78' title='bbox 554 2145 580 2202; x_wconf 92' lang='lat' dir='ltr'><strong>si</strong></span> <span class='ocrx_word' id='word_1_79' title='bbox 594 2143 673 2202; x_wconf 92' lang='lat' dir='ltr'><strong>idem</strong></span> <span class='ocrx_word' id='word_1_80' title='bbox 688 2142 811 2220; x_wconf 89' lang='lat' dir='ltr'><strong>adsequi</strong></span> <span class='ocrx_word' id='word_1_81' title='bbox 823 2159 883 2201; x_wconf 92' lang='lat' dir='ltr'><strong>non</strong></span> <span class='ocrx_word' id='word_1_82' title='bbox 896 2160 1068 2223; x_wconf 92' lang='lat' dir='ltr'><strong>possumus,</strong></span> <span class='ocrx_word' id='word_1_83' title='bbox 1086 2152 1143 2204; x_wconf 93' lang='lat' dir='ltr'><strong>aut</strong></span> <span class='ocrx_word' id='word_1_84' title='bbox 1157 2142 1193 2203; x_wconf 90' lang='lat' dir='ltr'><strong>de</strong></span> <span class='ocrx_word' id='word_1_85' title='bbox 1205 2145 1213 2201; x_wconf 92' lang='grc'><strong>1</strong></span> 
     </span>
     <span class='ocr_line' id='line_1_13' title="bbox 202 2229 1213 2311; baseline -0.001 -21"><span class='ocrx_word' id='word_1_86' title='bbox 202 2257 229 2298; x_wconf 81' lang='lat'><strong>10</strong></span> <span class='ocrx_word' id='word_1_87' title='bbox 243 2231 337 2310; x_wconf 93' lang='lat' dir='ltr'><strong>diciis,</strong></span> <span class='ocrx_word' id='word_1_88' title='bbox 352 2232 378 2289; x_wconf 94' lang='lat' dir='ltr'><strong>si</strong></span> <span class='ocrx_word' id='word_1_89' title='bbox 392 2229 542 2310; x_wconf 90' lang='lat' dir='ltr'><strong>nolumus,</strong></span> <span class='ocrx_word' id='word_1_90' title='bbox 556 2231 605 2289; x_wconf 81' lang='lat' dir='ltr'><strong>rix</strong></span> <span class='ocrx_word' id='word_1_91' title='bbox 619 2229 740 2289; x_wconf 91' lang='lat' dir='ltr'><strong>hercule</strong></span> <span class='ocrx_word' id='word_1_92' title='bbox 755 2229 907 2311; x_wconf 87' lang='lat' dir='ltr'><strong>auderem,</strong></span> <span class='ocrx_word' id='word_1_93' title='bbox 923 2232 948 2289; x_wconf 94' lang='lat' dir='ltr'><strong>si</strong></span> <span class='ocrx_word' id='word_1_94' title='bbox 962 2230 1036 2290; x_wconf 91' lang='lat' dir='ltr'><strong>mihi</strong></span> <span class='ocrx_word' id='word_1_95' title='bbox 1049 2248 1117 2290; x_wconf 87' lang='lat' dir='ltr'><strong>mea</strong></span> <span class='ocrx_word' id='word_1_96' title='bbox 1133 2239 1213 2291; x_wconf 88' lang='lat' dir='ltr'><strong>sente</strong></span> 
     </span>
     <span class='ocr_line' id='line_1_14' title="bbox 137 2316 1228 2398; baseline -0.005 -18"><span class='ocrx_word' id='word_1_97' title='bbox 137 2360 139 2364; x_wconf 80' lang='lat'><em>.</em></span> <span class='ocrx_word' id='word_1_98' title='bbox 242 2321 283 2380; x_wconf 91' lang='lat' dir='ltr'><strong>tia</strong></span> <span class='ocrx_word' id='word_1_99' title='bbox 299 2318 477 2398; x_wconf 82' lang='lat' dir='ltr'><strong>proferenda</strong></span> <span class='ocrx_word' id='word_1_100' title='bbox 499 2336 533 2377; x_wconf 93' lang='lat' dir='ltr'><strong>ac</strong></span> <span class='ocrx_word' id='word_1_101' title='bbox 556 2335 616 2377; x_wconf 91' lang='lat' dir='ltr'><strong>non</strong></span> <span class='ocrx_word' id='word_1_102' title='bbox 634 2316 912 2398; x_wconf 86' lang='lat' dir='ltr'><strong>disertissimorum,</strong></span> <span class='ocrx_word' id='word_1_103' title='bbox 930 2326 964 2378; x_wconf 94' lang='lat' dir='ltr'><strong>ut</strong></span> <span class='ocrx_word' id='word_1_104' title='bbox 978 2319 1088 2378; x_wconf 88' lang='lat' dir='ltr'><strong>nostris</strong></span> <span class='ocrx_word' id='word_1_105' title='bbox 1109 2328 1228 2396; x_wconf 89' lang='lat' dir='ltr'><strong>tempor</strong></span> 
     </span>
     <span class='ocr_line' id='line_1_15' title="bbox 241 2404 1225 2488; baseline -0.007 -20"><span class='ocrx_word' id='word_1_106' title='bbox 241 2407 311 2488; x_wconf 91' lang='lat' dir='ltr'><strong>bus,</strong></span> <span class='ocrx_word' id='word_1_107' title='bbox 329 2407 481 2467; x_wconf 91' lang='lat' dir='ltr'><strong>hominum</strong></span> <span class='ocrx_word' id='word_1_108' title='bbox 500 2422 597 2465; x_wconf 90' lang='lat' dir='ltr'><strong>sermo</strong></span> <span class='ocrx_word' id='word_1_109' title='bbox 615 2405 796 2484; x_wconf 88' lang='lat' dir='ltr'><strong>repetendus</strong></span> <span class='ocrx_word' id='word_1_110' title='bbox 815 2413 907 2485; x_wconf 90' lang='lat' dir='ltr'><strong>esset,</strong></span> <span class='ocrx_word' id='word_1_111' title='bbox 931 2423 1004 2483; x_wconf 92' lang='lat' dir='ltr'><strong>quos</strong></span> <span class='ocrx_word' id='word_1_112' title='bbox 1028 2404 1157 2466; x_wconf 89' lang='lat' dir='ltr'><strong>eandem</strong></span> <span class='ocrx_word' id='word_1_113' title='bbox 1175 2406 1225 2464; x_wconf 86' lang='lat' dir='ltr'><strong>han</strong></span> 
     </span>
     <span class='ocr_line' id='line_1_16' title="bbox 242 2491 1223 2575; baseline -0.006 -19"><span class='ocrx_word' id='word_1_114' title='bbox 242 2497 444 2575; x_wconf 91' lang='lat' dir='ltr'><strong>quaestionem</strong></span> <span class='ocrx_word' id='word_1_115' title='bbox 462 2501 678 2572; x_wconf 89' lang='lat' dir='ltr'><strong>pertractantes</strong></span> <span class='ocrx_word' id='word_1_116' title='bbox 698 2495 813 2553; x_wconf 91' lang='lat' dir='ltr'><strong>iuvenis</strong></span> <span class='ocrx_word' id='word_1_117' title='bbox 827 2491 984 2555; x_wconf 88' lang='lat' dir='ltr'><strong>admodum</strong></span> <span class='ocrx_word' id='word_1_118' title='bbox 1003 2492 1110 2554; x_wconf 86' lang='lat' dir='ltr'><strong>audivi.</strong></span> <span class='ocrx_word' id='word_1_119' title='bbox 1136 2496 1178 2554; x_wconf 89' lang='lat' dir='ltr'><strong>ita</strong></span> <span class='ocrx_word' id='word_1_120' title='bbox 1192 2509 1223 2551; x_wconf 94' lang='lat' dir='ltr'><strong>no</strong></span> 
     </span>
     <span class='ocr_line' id='line_1_17' title="bbox 241 2580 1212 2664; baseline -0.004 -21"><span class='ocrx_word' id='word_1_121' title='bbox 241 2585 369 2664; x_wconf 83' lang='lat' dir='ltr'><strong>ingenio,</strong></span> <span class='ocrx_word' id='word_1_122' title='bbox 388 2581 440 2643; x_wconf 93' lang='lat' dir='ltr'><strong>sed</strong></span> <span class='ocrx_word' id='word_1_123' title='bbox 458 2583 601 2642; x_wconf 91' lang='lat' dir='ltr'><strong>memoria</strong></span> <span class='ocrx_word' id='word_1_124' title='bbox 623 2590 654 2642; x_wconf 95' lang='lat' dir='ltr'><strong>et</strong></span> <span class='ocrx_word' id='word_1_125' title='bbox 676 2580 880 2641; x_wconf 89' lang='lat' dir='ltr'><strong>recordatione</strong></span> <span class='ocrx_word' id='word_1_126' title='bbox 902 2598 976 2658; x_wconf 93' lang='lat' dir='ltr'><strong>opus</strong></span> <span class='ocrx_word' id='word_1_127' title='bbox 995 2589 1052 2662; x_wconf 90' lang='lat' dir='ltr'><strong>est,</strong></span> <span class='ocrx_word' id='word_1_128' title='bbox 1085 2590 1121 2642; x_wconf 96' lang='lat' dir='ltr'><strong>ut</strong></span> <span class='ocrx_word' id='word_1_129' title='bbox 1141 2599 1212 2660; x_wconf 91' lang='lat' dir='ltr'><strong>quae</strong></span> 
     </span>
     <span class='ocr_line' id='line_1_18' title="bbox 202 2667 1226 2747; baseline -0.003 -19"><span class='ocrx_word' id='word_1_130' title='bbox 202 2695 228 2735; x_wconf 75' lang='lat'><strong>15</strong></span> <span class='ocrx_word' id='word_1_131' title='bbox 241 2671 504 2747; x_wconf 86' lang='lat' dir='ltr'><strong>praestantissimis</strong></span> <span class='ocrx_word' id='word_1_132' title='bbox 518 2671 589 2729; x_wconf 91' lang='lat' dir='ltr'><strong>viris</strong></span> <span class='ocrx_word' id='word_1_133' title='bbox 603 2677 633 2730; x_wconf 89' lang='lat' dir='ltr'><strong>et</strong></span> <span class='ocrx_word' id='word_1_134' title='bbox 642 2671 807 2747; x_wconf 82' lang='lat' dir='ltr'><strong>excogitata</strong></span> <span class='ocrx_word' id='word_1_135' title='bbox 821 2667 969 2728; x_wconf 88' lang='lat' dir='ltr'><strong>subtiliter</strong></span> <span class='ocrx_word' id='word_1_136' title='bbox 983 2677 1013 2730; x_wconf 92' lang='lat' dir='ltr'><strong>et</strong></span> <span class='ocrx_word' id='word_1_137' title='bbox 1027 2670 1104 2729; x_wconf 90' lang='lat' dir='ltr'><strong>dicta</strong></span> <span class='ocrx_word' id='word_1_138' title='bbox 1120 2671 1226 2747; x_wconf 85' lang='lat' dir='ltr'><strong>gravite</strong></span> 
     </span>
     <span class='ocr_line' id='line_1_19' title="bbox 242 2754 1227 2837; baseline -0.002 -22"><span class='ocrx_word' id='word_1_139' title='bbox 242 2758 356 2837; x_wconf 91' lang='lat' dir='ltr'><strong>accepi,</strong></span> <span class='ocrx_word' id='word_1_140' title='bbox 383 2774 450 2816; x_wconf 92' lang='lat' dir='ltr'><strong>cum</strong></span> <span class='ocrx_word' id='word_1_141' title='bbox 474 2756 583 2834; x_wconf 85' lang='lat' dir='ltr'><strong>singuli</strong></span> <span class='ocrx_word' id='word_1_142' title='bbox 605 2756 735 2817; x_wconf 92' lang='lat' dir='ltr'><strong>diversas</strong></span> <span class='ocrx_word' id='word_1_143' title='bbox 760 2754 820 2833; x_wconf 88' lang='lat' dir='ltr'><strong>[vel</strong></span> <span class='ocrx_word' id='word_1_144' title='bbox 847 2755 965 2816; x_wconf 86' lang='lat' dir='ltr'><strong>easdem</strong></span> <span class='ocrx_word' id='word_1_145' title='bbox 989 2756 1041 2817; x_wconf 92' lang='lat' dir='ltr'><strong>sed</strong></span> <span class='ocrx_word' id='word_1_146' title='bbox 1064 2755 1227 2835; x_wconf 88' lang='lat' dir='ltr'><strong>probabiles</strong></span> 
     </span>
     <span class='ocr_line' id='line_1_20' title="bbox 242 2842 1222 2922; baseline -0.002 -19"><span class='ocrx_word' id='word_1_147' title='bbox 242 2861 346 2903; x_wconf 91' lang='lat' dir='ltr'><strong>causas</strong></span> <span class='ocrx_word' id='word_1_148' title='bbox 360 2842 518 2922; x_wconf 83' lang='lat' dir='ltr'><strong>adferrent,</strong></span> <span class='ocrx_word' id='word_1_149' title='bbox 533 2843 604 2903; x_wconf 91' lang='lat' dir='ltr'><strong>dum</strong></span> <span class='ocrx_word' id='word_1_150' title='bbox 614 2844 737 2904; x_wconf 83' lang='lat' dir='ltr'><strong>formam</strong></span> <span class='ocrx_word' id='word_1_151' title='bbox 752 2845 799 2904; x_wconf 94' lang='lat' dir='ltr'><strong>sui</strong></span> <span class='ocrx_word' id='word_1_152' title='bbox 814 2845 940 2922; x_wconf 90' lang='lat' dir='ltr'><strong>quisque</strong></span> <span class='ocrx_word' id='word_1_153' title='bbox 955 2852 986 2905; x_wconf 90' lang='lat' dir='ltr'><strong>et</strong></span> <span class='ocrx_word' id='word_1_154' title='bbox 999 2846 1089 2904; x_wconf 92' lang='lat' dir='ltr'><strong>animi</strong></span> <span class='ocrx_word' id='word_1_155' title='bbox 1099 2852 1131 2904; x_wconf 90' lang='lat' dir='ltr'><strong>et</strong></span> <span class='ocrx_word' id='word_1_156' title='bbox 1138 2847 1222 2922; x_wconf 81' lang='lat' dir='ltr'><strong>ingen</strong></span> 
     </span>
    </p>
   </div>
   <div class='ocr_carea' id='block_1_4' title="bbox 240 3010 1228 3151">
    <p class='ocr_par' dir='ltr' id='par_1_5' title="bbox 240 3010 1228 3151">
     <span class='ocr_line' id='line_1_21' title="bbox 311 3010 1224 3067; baseline -0.001 -2"><span class='ocrx_word' id='word_1_157' title='bbox 311 3013 339 3065; x_wconf 92' lang='lat' dir='ltr'><em>B</em></span> <span class='ocrx_word' id='word_1_158' title='bbox 354 3037 387 3057; x_wconf 62' lang='grc' dir='ltr'><strong>-ε</strong></span> <span class='ocrx_word' id='word_1_159' title='bbox 402 3010 556 3066; x_wconf 82' lang='lat' dir='ltr'><strong>Vaticanus</strong></span> <span class='ocrx_word' id='word_1_160' title='bbox 577 3016 653 3066; x_wconf 78' lang='lat'><strong>1862.</strong></span> <span class='ocrx_word' id='word_1_161' title='bbox 695 3014 711 3067; x_wconf 85' lang='lat' dir='ltr'><strong><em>b</em></strong></span> <span class='ocrx_word' id='word_1_162' title='bbox 726 3038 759 3058; x_wconf 94' lang='lat'>=</span> <span class='ocrx_word' id='word_1_163' title='bbox 773 3010 918 3066; x_wconf 85' lang='lat' dir='ltr'><strong>Leidensis</strong></span> <span class='ocrx_word' id='word_1_164' title='bbox 936 3011 1063 3066; x_wconf 80' lang='lat' dir='ltr'><strong>Pontani</strong></span> <span class='ocrx_word' id='word_1_165' title='bbox 1109 3012 1180 3066; x_wconf 84' lang='lat'><strong>0=</strong></span> <span class='ocrx_word' id='word_1_166' title='bbox 1198 3015 1224 3064; x_wconf 68' lang='lat' dir='ltr'><strong>lt</strong></span> 
     </span>
     <span class='ocr_line' id='line_1_22' title="bbox 240 3079 1228 3151; baseline -0.005 -14"><span class='ocrx_word' id='word_1_167' title='bbox 240 3082 352 3138; x_wconf 84' lang='lat' dir='ltr'><strong>ticanus</strong></span> <span class='ocrx_word' id='word_1_168' title='bbox 372 3087 448 3137; x_wconf 80' lang='lat'>1518.</span> <span class='ocrx_word' id='word_1_169' title='bbox 486 3081 517 3136; x_wconf 76' lang='lat' dir='ltr'><em>F</em></span> <span class='ocrx_word' id='word_1_170' title='bbox 528 3107 561 3128; x_wconf 83' lang='lat'><strong>==</strong></span> <span class='ocrx_word' id='word_1_171' title='bbox 576 3081 774 3148; x_wconf 74' lang='lat' dir='ltr'><strong>Fasnesianus3</strong></span> <span class='ocrx_word' id='word_1_172' title='bbox 802 3081 951 3151; x_wconf 82' lang='lat' dir='ltr'><strong>lectiones,</strong></span> <span class='ocrx_word' id='word_1_173' title='bbox 975 3082 1076 3150; x_wconf 89' lang='lat' dir='ltr'><strong>quibus</strong></span> <span class='ocrx_word' id='word_1_174' title='bbox 1098 3082 1180 3136; x_wconf 88' lang='lat' dir='ltr'><strong>nulla</strong></span> <span class='ocrx_word' id='word_1_175' title='bbox 1201 3079 1228 3132; x_wconf 89' lang='lat' dir='ltr'><strong>li·</strong></span> 
     </span>
    </p>
   </div>
   <div class='ocr_carea' id='block_1_5' title="bbox 242 3151 1227 3278">
    <p class='ocr_par' dir='ltr' id='par_1_6' title="bbox 242 3151 1227 3278">
     <span class='ocr_line' id='line_1_23' title="bbox 242 3151 1227 3222; baseline -0.002 -16"><span class='ocrx_word' id='word_1_176' title='bbox 242 3155 303 3206; x_wconf 86' lang='lat' dir='ltr'><strong>tera</strong></span> <span class='ocrx_word' id='word_1_177' title='bbox 322 3152 464 3222; x_wconf 84' lang='lat' dir='ltr'><strong>adscripta</strong></span> <span class='ocrx_word' id='word_1_178' title='bbox 483 3152 537 3220; x_wconf 84' lang='lat' dir='ltr'><strong>est,</strong></span> <span class='ocrx_word' id='word_1_179' title='bbox 558 3154 671 3207; x_wconf 84' lang='lat' dir='ltr'><strong>exstant</strong></span> <span class='ocrx_word' id='word_1_180' title='bbox 687 3154 717 3206; x_wconf 92' lang='lat' dir='ltr'><strong>in</strong></span> <span class='ocrx_word' id='word_1_181' title='bbox 735 3151 864 3207; x_wconf 80' lang='lat' dir='ltr'><strong>omnibus</strong></span> <span class='ocrx_word' id='word_1_182' title='bbox 884 3153 934 3207; x_wconf 83' lang='grc'><strong>1111</strong></span> <span class='ocrx_word' id='word_1_183' title='bbox 950 3151 982 3207; x_wconf 86' lang='lat' dir='ltr'><strong>in</strong></span> <span class='ocrx_word' id='word_1_184' title='bbox 998 3152 1141 3222; x_wconf 81' lang='lat' dir='ltr'><strong>plerisque</strong></span> <span class='ocrx_word' id='word_1_185' title='bbox 1160 3152 1199 3206; x_wconf 91' lang='lat' dir='ltr'><strong>lib</strong></span> <span class='ocrx_word' id='word_1_186' title='bbox 1215 3151 1227 3195; x_wconf 74' lang='lat'><strong>&#39;2</strong></span> 
     </span>
     <span class='ocr_line' id='line_1_24' title="bbox 243 3220 633 3278; baseline 0.005 -2"><span class='ocrx_word' id='word_1_187' title='bbox 243 3223 307 3278; x_wconf 77' lang='lat' dir='ltr'><strong>Por.</strong></span> <span class='ocrx_word' id='word_1_188' title='bbox 322 3249 356 3269; x_wconf 86' lang='lat'><em>=</em></span> <span class='ocrx_word' id='word_1_189' title='bbox 371 3220 459 3276; x_wconf 84' lang='lat' dir='ltr'><strong>editio</strong></span> <span class='ocrx_word' id='word_1_190' title='bbox 478 3221 633 3278; x_wconf 80' lang='lat' dir='ltr'><strong>Puteolani.</strong></span> 
     </span>
    </p>
   </div>
   <div class='ocr_carea' id='block_1_6' title="bbox 242 3325 1228 3538">
    <p class='ocr_par' dir='ltr' id='par_1_7' title="bbox 242 3325 1228 3538">
     <span class='ocr_line' id='line_1_25' title="bbox 261 3325 1228 3410; baseline -0.001 -28"><span class='ocrx_word' id='word_1_191' title='bbox 261 3398 266 3410; x_wconf 34' lang='grc' dir='ltr'>Ι</span> <span class='ocrx_word' id='word_1_192' title='bbox 313 3329 372 3395; x_wconf 81' lang='lat'><strong>1,4</strong></span> <span class='ocrx_word' id='word_1_193' title='bbox 391 3327 563 3397; x_wconf 82' lang='lat' dir='ltr'><strong>appellemus</strong></span> <span class='ocrx_word' id='word_1_194' title='bbox 579 3332 584 3396; x_wconf 81' lang='grc'><strong>1</strong></span> <span class='ocrx_word' id='word_1_195' title='bbox 605 3334 621 3382; x_wconf 86' lang='grc'>9</span> <span class='ocrx_word' id='word_1_196' title='bbox 641 3328 679 3381; x_wconf 90' lang='grc'><strong>111</strong></span> <span class='ocrx_word' id='word_1_197' title='bbox 696 3329 760 3384; x_wconf 81' lang='lat' dir='ltr'><strong>add.</strong></span> <span class='ocrx_word' id='word_1_198' title='bbox 779 3327 895 3397; x_wconf 69' lang='lat' dir='ltr'><strong>Idpsiua</strong></span> <span class='ocrx_word' id='word_1_199' title='bbox 910 3331 914 3398; x_wconf 82' lang='grc'><strong>1</strong></span> <span class='ocrx_word' id='word_1_200' title='bbox 932 3333 965 3384; x_wconf 89' lang='grc'><strong>10</strong></span> <span class='ocrx_word' id='word_1_201' title='bbox 983 3343 1047 3382; x_wconf 87' lang='lat' dir='ltr'><strong>mea</strong></span> <span class='ocrx_word' id='word_1_202' title='bbox 1064 3325 1135 3380; x_wconf 90' lang='lat' dir='ltr'><strong>mihi</strong></span> <span class='ocrx_word' id='word_1_203' title='bbox 1153 3326 1205 3403; x_wconf 75' lang='lat' dir='ltr'><strong>Sci</strong></span> <span class='ocrx_word' id='word_1_204' title='bbox 1227 3350 1228 3357; x_wconf 45' lang='lat'>¹</span> 
     </span>
     <span class='ocr_line' id='line_1_26' title="bbox 242 3395 1222 3538; baseline 0.003 -18"><span class='ocrx_word' id='word_1_205' title='bbox 242 3395 1001 3538; x_wconf 53' lang='grc'><strong>11111111,[1111111111111111111111</strong></span> <span class='ocrx_word' id='word_1_206' title='bbox 1020 3397 1069 3452; x_wconf 70' lang='lat'><strong>⁵⁰⁶</strong></span> <span class='ocrx_word' id='word_1_207' title='bbox 1086 3395 1222 3468; x_wconf 67' lang='lat' dir='ltr'><strong>panau</strong></span> 
     </span>
    </p>
   </div>
   <div class='ocr_carea' id='block_1_7' title="bbox 0 0 1266 4068">
    <p class='ocr_par' dir='ltr' id='par_1_8' title="bbox 0 0 1266 4068">
     <span class='ocr_line' id='line_1_27' title="bbox 0 0 1266 4068; baseline 0 0"><span class='ocrx_word' id='word_1_208' title='bbox 0 0 1266 4068; x_wconf 95' lang='lat' dir='ltr'><strong> </strong></span> 
     </span>
    </p>
   </div>
  </div>
 </body>
</html>
