2474 4068
484 880 760 966 CORNELII
788 882 992 968 ΤΑΟΙΤΙ

407 1041 515 1138 DE
568 1041 1061 1140 GERMANIA

656 1215 814 1283 arnna.

301 1392 328 1456 1.
360 1393 515 1456 Germania
543 1395 638 1455 omnis
666 1412 683 1454 a
710 1393 799 1456 Gallis
830 1395 990 1474 Raetisque
1022 1402 1053 1456 et
1078 1395 1230 1457 Pannoni'

232 1481 335 1543 Rheno
359 1490 389 1544 et
411 1483 543 1543 Danuvio
567 1481 749 1562 Iluannibus,
773 1501 790 1542 a
808 1482 950 1543 Sarmatis
970 1483 1115 1562 Dacisque
1136 1495 1221 1546 mutu

232 1579 313 1632 metu
334 1579 384 1632 aut
404 1570 554 1631 montibus
573 1577 743 1649 separatur:
771 1577 870 1630 cetera
885 1569 1019 1631 Oceanus
1035 1571 1141 1650 ambit,
1166 1573 1228 1634 lato:

233 1663 315 1720 sinus
335 1667 364 1720 et
383 1658 547 1719 InsuIarum
566 1659 699 1718 Inmensa
718 1659 811 1737 spatia
830 1658 1043 1738 complectens,
1072 1677 1169 1737 nuper
1199 1680 1228 1722 ce

205 1749 321 1825 agnitis
343 1746 520 1827 quIbusdam
538 1745 676 1824 gentibus
695 1763 729 1806 ao
747 1745 877 1826 regIbus,
901 1764 976 1825 quos
989 1746 1099 1807 bellum
1114 1752 1228 1827 aperuit.

233 1836 366 1916 Rhenus,
393 1834 581 1895 Raeticarum
599 1833 716 1912 Alpium
734 1835 886 1894 inaccesso
906 1852 939 1895 ac
958 1837 1114 1914 praecipiti
1128 1841 1228 1898 nertin

232 1933 330 2004 ortus,
366 1923 481 1982 modico
509 1921 589 1982 ilexu
616 1923 647 1982 In
670 1921 854 1982 occidentem
882 1939 987 1983 versus
1015 1925 1229 2001 septentrionali

232 2010 348 2071 Oceano
363 2012 512 2071 miscetur.
549 2010 700 2070 DanuvIus
718 2009 799 2069 molli
813 2017 843 2070 et
861 2007 1022 2070 clementer
1036 2010 1116 2071 edito
1129 2017 1229 2074 montis

231 2097 370 2159 Abnobae
389 2099 457 2178 iugo
480 2099 592 2158 effusus
610 2097 705 2174 pluris
725 2097 851 2175 populos
869 2099 945 2177 adit,
977 2097 1071 2159 donec
1090 2101 1121 2158 in
1140 2099 1230 2162 Ponti

193 2215 218 2253 ιο
232 2204 300 2247 cum
324 2204 404 2247 mare
429 2204 480 2246 sex
500 2183 646 2245 meatibus
665 2193 814 2263 erumpat:
842 2187 1000 2264 septimum
1024 2203 1057 2246 os
1080 2185 1231 2265 paludibus

231 2275 376 2335 hauritur.

299 2359 328 2422 2.
363 2361 447 2441 Ipsos
475 2358 637 2421 Germanos
668 2361 821 2439 indigenas
853 2361 1031 2422 crediderim
1059 2363 1232 2444 minimeque

232 2449 355 2512 aliarum
378 2450 511 2527 gentIum
535 2447 709 2509 adventibus
733 2455 763 2508 et
785 2447 923 2529 hospitiis
946 2452 1067 2530 mixtos,
1091 2452 1159 2529 quIa
1184 2443 1234 2513 noe'

231 2547 312 2599 terra
326 2538 404 2619 oiim,
419 2536 471 2597 sed
481 2535 626 2597 elassibus
636 2536 856 2598 advehebantur
870 2539 922 2617 qui
931 2543 1046 2598 mutare
1056 2537 1140 2598 sedes
1151 2557 1232 2617 quae·

303 2706 330 2760 B
349 2731 382 2752 a
402 2705 490 2761 codex
508 2704 662 2760 Vaticanus
682 2711 758 2762 1862.
796 2707 866 2762 b·
884 2705 1036 2762 Leidensis.
1074 2708 1098 2761 0
1110 2732 1142 2752 ==
1157 2707 1230 2764 Vati·

232 2794 317 2832 canua
333 2781 410 2832 1618.
447 2775 726 2845 caNeapolitanus.
768 2776 929 2844 Lectiones,
953 2777 1054 2844 quibus
1073 2776 1151 2830 nulla
1168 2785 1230 2834 nota

232 2849 344 2902 adiecta
370 2848 426 2914 est,
454 2847 566 2900 exstant
588 2846 618 2900 in
636 2845 765 2901 omnibns
784 2848 834 2901 aut
851 2847 881 2901 in
898 2846 1039 2917 plerisque
1062 2846 1149 2900 libris.
1190 2849 1232 2904 Μ’

233 2945 265 2965 =
280 2915 449 2972 Miillenhoff
467 2916 497 2971 in
516 2915 764 2985 commentatione,
794 2933 865 2984 quaa
883 2917 1018 2988 impressa
1037 2917 1126 2971 estin
1147 2917 1230 2973 ‘Zeb-

232 2988 332 3061 sebriit
349 2987 394 3041 fiir
413 2987 561 3042 deutsebes
579 2987 750 3041 Alterthum’
771 2987 818 3057 IX,
833 2994 883 3042 223
899 3005 959 3056 sqq.

304 3074 475 3131 CORNELII
498 3074 537 3142 (G.
557 3074 726 3129 CORNELII
745 3075 795 3135 Oct
817 3074 939 3130 TACITI
956 3074 1004 3128 ΒΕ
1024 3074 1170 3130 ORIGINR
1191 3077 1231 3132 ΕΤ

233 3146 313 3200 SITV
337 3142 595 3200 GERMANORVLI
618 3145 844 3212 (GERMANIAR
863 3149 887 3212 c)
909 3144 1015 3198 LIBER
1033 3146 1119 3212 Boc,
1154 3147 1231 3202 COR·

232 3216 330 3271 NRLII
349 3215 470 3270 ΤΑΟΙΤΙ
487 3215 535 3269 ΒΕ
555 3215 711 3270 ORIGINR.
733 3215 1005 3270 SITVIIORIBVS.
1021 3215 1231 3272 norbertus

232 3285 492 3342 GRRMANORVM
509 3286 616 3341 LIBER
635 3289 658 3356 b,
678 3287 712 3341 de
732 3287 788 3341 situ
803 3285 966 3342 Germaniae
986 3287 1182 3356 Reifferscheid,
1204 3291 1230 3344 de

232 3359 289 3413 sibu
307 3375 340 3413 ac
357 3356 469 3426 populis
489 3356 653 3412 Germaniae
676 3357 811 3426 Wdifflia.

304 3429 355 3497 1,1
375 3427 527 3498 Raetisque
543 3425 688 3484 ostiarias:
707 3427 842 3496 ratiisqne
862 3431 920 3498 (rae
937 3487 940 3496 Δ
960 3428 1033 3498 rba-t
1049 3429 1053 3498 Ι
1070 3433 1086 3482 9
1104 3427 1228 3484 Abnobae

231 3499 396 3557 Riaenanaee
416 3500 537 3554 arnobae
555 3501 595 3555 oei
614 3499 736 3554 arbonae
