2474 4068
189 164 254 228 222
533 161 703 217 CORNELII
721 160 841 216 TAGlTl

150 333 176 374 ro
190 317 220 371 et
232 308 366 370 fabuloso
394 326 496 371 errore
515 311 547 370 ln
564 309 644 371 hunc
658 307 808 370 Oceanum
822 307 952 369 delatum
966 308 1063 370 adisse
1079 308 1183 370 Germ

188 398 254 458 niae
274 406 382 478 terras,
404 397 685 476 Asciburgiumque,
707 396 784 474 quod
806 398 837 457 in
851 399 915 474 ripa
929 395 1026 456 Rheni
1040 398 1139 457 sitnm
1154 398 1185 457 ln

188 484 296 564 dieque
315 485 467 564 incolitur,
490 483 594 546 abillo
614 487 807 545 constitutum
826 485 1085 566 nominatumque3
1121 502 1186 545 arm

189 575 262 653 quin
277 575 365 634 etiam
379 573 456 633 Ulixi
470 578 680 652 consecratam,
695 571 808 633 adiecto
822 571 945 633 Laertae
958 575 1053 651 patris
1068 575 1186 634 nomin

190 660 293 721 eodem
313 659 377 721 loco
392 660 462 720 olim
472 667 633 740 repertam,
652 667 900 739 monumentaque
920 667 950 720 et
964 659 1096 722 tumulos
1112 680 1186 740 quo

149 773 175 814 na
189 748 255 808 dam
270 747 390 808 Graccis
412 747 520 808 litteris
542 749 702 826 inscriptos
725 749 757 808 in
780 748 908 808 confinio
928 747 1105 809 Germaniae
1129 749 1184 810 Ra

188 838 307 915 tiaeque
330 835 426 898 adhuc
450 844 559 897 extare.
598 853 672 915 quae
698 854 795 915 neque
819 835 996 896 confirmare
1011 840 1184 914 argument

188 940 285 1003 neque
296 922 432 984 refellere
446 925 477 984 in
491 925 588 985 animo
603 931 662 985 est:
690 941 727 984 ex
745 925 864 1002 ingenio
883 942 937 984 suo
953 925 1081 1003 quisque

188 1010 235 1072 vel
249 1010 336 1072 addat
349 1011 446 1074 fidem.

255 1097 286 1160 4.
309 1097 376 1179 lpse
397 1118 500 1161 eorum
519 1100 651 1180 opinioni
669 1098 791 1181 accedo,
815 1101 868 1179 qui
881 1099 1055 1161 Germaniae
1069 1102 1194 1180 popul·

134 1258 137 1264 ,
190 1185 279 1248 nullis
299 1185 392 1265 [aliis]
413 1188 537 1249 aliarum
559 1189 713 1249 nationum
737 1187 873 1249 conubiis
896 1188 1022 1249 inlectos
1044 1192 1186 1267 propria.

190 1283 220 1336 et
234 1277 380 1335 sinceram
395 1285 425 1336 ct
439 1283 554 1336 tantum
568 1278 616 1337 sui
630 1274 757 1336 similem
771 1283 890 1354 gentem
903 1277 1037 1337 extitisse
1052 1276 1186 1338 arbitra·

191 1369 249 1424 tur.
287 1361 366 1423 unde
385 1361 503 1423 habitus
523 1380 640 1441 quoquc
660 1381 832 1444 corporum,
859 1381 1037 1443 quamquam
1060 1365 1094 1424 in
1119 1373 1200 1426 tanto

164 1450 345 1516 chominum
364 1467 502 1531 numero,
524 1449 603 1510 idem
622 1450 772 1512 omnihus:
794 1458 896 1515 truces
915 1460 946 1512 et
965 1450 1097 1512 caerulei
1113 1454 1200 1532 oculi,

191 1537 297 1599 rutilae
321 1555 436 1620 comae,
458 1555 562 1616 magna
577 1556 700 1617 corpora
716 1547 745 1599 et
759 1546 873 1599 tantum
889 1537 925 1599 ad
937 1541 1081 1618 impetum
1091 1540 1202 1602 valida:

192 1625 301 1686 laboris
315 1633 403 1705 atque
418 1644 542 1707 operum
556 1645 617 1687 non
631 1626 732 1688 eadem
746 1627 899 1706 patientia,
922 1628 1104 1706 minimeque
1121 1631 1202 1690 sitim

192 1722 365 1794 aestumque
384 1713 523 1795 tolerare,
547 1714 657 1794 frigora
675 1721 764 1793 atque
782 1713 911 1774 inediam
930 1713 1011 1775 caelo
1032 1714 1134 1777 solove
1157 1719 1218 1854 acl-p

194 1811 362 1864 sueverunt.

259 1887 288 1952 ὅ.
311 1889 404 1951 'lerra
427 1892 483 1950 etsi
502 1890 650 1968 aliquanto
670 1891 768 1968 specie
787 1888 894 1971 differt,
914 1891 945 1950 in
963 1891 1138 1951 universum
1166 1861 1219 1954 tai

193 1994 262 2037 men
289 1985 340 2038 aut
362 1976 444 2037 silvis
466 1977 587 2038 horrida
611 1985 662 2038 aut
685 1976 842 2054 paludibus
865 1977 963 2058 foeda,
986 1977 1117 2038 umidior
1145 1975 1220 2059 qual

194 2062 313 2144 Gallias,
340 2065 490 2123 ventosior
509 2082 566 2143 qua
584 2063 726 2125 Noricum
739 2082 773 2125 ac
787 2065 968 2127 Pannoniam
982 2066 1118 2146 aspicit;‚
1130 2072 1207 2129 satis

194 2151 284 2230 ferax,
298 2150 507 2229 frugiferarum
521 2151 660 2211 arborum
674 2153 829 2232 inpatiens,
842 2169 985 2229 pecorum
999 2151 1134 2234 secunda,
1151 2156 1206 2216 sed

153 2265 167 2306 e
194 2239 369 2320 plerumque
383 2240 556 2317 improccra.
594 2256 632 2299 ne
651 2239 793 2299 armentis
813 2238 931 2316 quidem
953 2259 1026 2302 suus
1040 2241 1136 2301 honor
1153 2253 1207 2304 aut

195 2328 286 2408 gloria
301 2327 421 2388 frontis:
445 2343 568 2387 numero
583 2326 724 2406 gaudent,
752 2343 863 2405 eaeque
878 2327 957 2388 solae
971 2337 1003 2390 et
1015 2329 1207 2406 gratissimae

194 2434 265 2496 opes
279 2422 357 2478 sunt
384 2421 538 2495 argentum
558 2422 589 2476 et
607 2432 713 2476 aurum
726 2416 885 2494 propitiine
900 2433 937 2476 an
951 2418 1019 2477 irati
1033 2416 1064 2476 di
1077 2434 1208 2495 negave-

193 2507 255 2566 rint
273 2504 385 2566 dubito.
413 2522 469 2565 nec
488 2511 586 2565 tamen
605 2503 820 2566 adfirmaverim
839 2502 949 2564 nullam
964 2504 1139 2565 Germaniae
1156 2526 1207 2567 ve-

193 2609 261 2653 nam
280 2598 436 2670 argentum
454 2610 594 2653 aurumve
613 2593 747 2672 gignere:
770 2593 836 2670 quis
859 2593 938 2652 enim
962 2598 1111 2652 scrutatus
1134 2593 1209 2655 est?

157 2703 181 2744 ro
194 2681 381 2759 possessione
404 2686 434 2739 et
454 2697 512 2740 usu
544 2680 622 2740 haud
650 2679 773 2758 perinde
801 2679 987 2740 adficiuntur.
1028 2686 1073 2740 est
1099 2681 1208 2743 videre

194 2765 272 2846 apud
290 2765 356 2825 illos
375 2772 514 2843 argentea
532 2782 612 2845 vasa,
639 2765 743 2844 legatis
762 2773 792 2827 ct
809 2766 995 2845 principibus
1013 2784 1117 2827 eorum
1139 2787 1209 2832 mu-

194 2856 260 2915 neri
279 2853 361 2933 data,
389 2871 448 2913 non
471 2855 502 2912 in
521 2851 576 2913 alia
594 2851 704 2914 vilitate
724 2871 811 2933 quam
831 2872 905 2934 quae
925 2854 1014 2915 humo
1033 2855 1209 2940 linguntur3

264 3056 446 3128 1101111]
466 3054 547 3110 illum
565 3057 658 3112 Herm.
678 3056 777 3113 Sclactts
792 3059 796 3126 1
814 3063 845 3112 11
864 3057 949 3112 hodie
968 3074 1077 3126 qnoque
1098 3058 1211 3118 Mosler

197 3135 200 3206 1
223 3143 254 3189 12
273 3135 413 3190 incolatur
431 3136 467 3190 ol.
488 3134 740 3207 {nominatumque
763 3154 947 3206 uontnoopcov
965 3138 1006 3206 B,
1027 3139 1136 3209 signum
1159 3139 1207 3194 la·

194 3223 280 3262 conec
299 3212 362 3276 post
384 3221 457 3260 nom.
478 3209 572 3276 posuit
590 3207 690 3278 Haupt
713 3209 718 3277 1
744 3211 777 3262 11
800 3223 832 3262 eo
858 3208 881 3263 0
901 3210 906 3277 1
931 3207 962 3277 4,
983 3215 997 3262 1
1022 3207 1147 3278 opinioni
1175 3211 1207 3268 G.

194 3287 308 3342 Molem:
328 3282 507 3354 opinionibus
524 3289 560 3354 {2
580 3282 645 3339 aliis
664 3285 714 3340 dcl.
733 3285 848 3352 Lipsius
866 3289 890 3340 et
908 3300 958 3340 om.
978 3285 1182 3355 Mepiolcardus
1201 3291 1205 3362 1

191 3358 372 3425 4111111111
391 3355 465 3426 015
484 3355 572 3410 cennli
590 3355 652 3410 B¹b
672 3358 677 3424 1
696 3359 713 3409 8
732 3356 915 3408 essuenemnt
935 3354 967 3410 0:
987 3358 1135 3410 assuerunt
1152 3359 1206 3416 Bo

193 3428 271 3500 15,1
291 3428 354 3494 sort.
368 3425 549 3495 'aliquantum
568 3427 603 3494 cf.
622 3426 691 3497 Apo.
709 3428 746 3481 24
766 3427 771 3494 1
791 3433 807 3478 4
826 3424 936 3495 patiens
957 3425 1039 3480 Troas
1055 3429 1059 3494 1
1076 3431 1091 3481 5
1110 3427 1207 3496 plera-

192 3513 247 3566 que
265 3497 381 3568 Lipsius
396 3501 400 3568 1
418 3503 432 3552 'l
452 3495 569 3567 propitii
589 3495 630 3567 01
648 3501 681 3550 10
698 3495 815 3564 proinde
835 3496 876 3564 01
894 3501 925 3549 12
946 3495 1003 3550 alia
1020 3495 1146 3550 utilitate
1166 3505 1207 3556 al.
