2474 4068
349 178 683 236 AGRICOLAEm-tt.
954 182 1019 247 273

19 328 72 386 eius
87 324 229 387 crebrius
248 343 336 405 quam
354 345 390 386 ex
405 344 487 387 more
505 328 702 407 principatus,
722 346 775 407 per
790 331 910 390 nuntios
923 331 1019 390 visen·

21 416 49 474 tis
70 421 99 474 et
122 412 303 474 libertorum
325 415 415 492 primi
442 423 472 473 et
498 414 680 475 medicorum
703 417 800 475 intimi
818 423 938 497 v'enere,
958 420 1018 479 sive

21 520 78 560 cura
91 501 169 562 illud
185 504 247 562 sive
261 503 413 580 inquisitio
429 509 499 561 erat.
531 519 669 580 supremo
680 502 800 581 quidem
814 503 861 563 die
871 513 1018 565 momenta
1033 527 1062 568 ιο

23 592 73 666 ipsa
97 589 270 649 deficientis
293 606 347 667 per
371 588 530 666 dispositos
549 607 687 650 cursores
706 593 839 651 nuntiata
858 591 1019 674 constabat,

21 676 87 735 nullo
111 676 258 737 credente
277 679 320 737 sic
344 676 506 737 adcelerari
526 695 601 755 quae
620 679 715 738 tristis
733 678 856 739 audiret.
889 681 1019 757 speciem

21 771 105 824 umen
120 763 237 824 doloris
250 763 354 824 habitu
367 763 510 843 vultuque
524 781 595 843 prae
610 783 641 825 se
655 765 735 846 tulit,
750 784 874 827 securus
887 769 944 826 iam
959 767 1019 827 odii

21 861 43 910 et
56 854 104 930 qui
119 851 241 912 facilius
256 850 455 912 dissimularet
468 852 607 930 gaudium
623 871 711 931 quam
724 861 844 914 metum.
868 857 939 916 satis
950 873 1019 916 con·

21 939 103 1000 stabat
121 939 205 1000 lecto
223 947 401 1000 testamento
420 939 585 1020 Agricolae,
610 958 668 1019 quo
692 940 868 1001 coheredem
891 945 1017 1021 optimae
1032 964 1060 1004 1s

21 1029 93 1088 uxori
116 1035 149 1088 et
169 1028 320 1106 piissimae
339 1027 414 1087 filiae
433 1027 631 1087 Domitianum
646 1030 778 1108 scripsit,
796 1028 937 1089 laetatum
951 1049 1018 1090 eum

21 1115 86 1174 uelut
104 1115 224 1175 honore
238 1114 415 1193 iudicioque.
449 1122 508 1175 tam
528 1133 614 1175 caeca
638 1124 668 1176 et
686 1125 826 1194 corrupta
845 1134 928 1176 mens
947 1120 1018 1177 assi·

21 1202 74 1262 duis
91 1201 316 1264 adulationibus
335 1209 406 1282 erat,
424 1209 459 1263 ut
476 1204 607 1263 nesciret
624 1222 640 1264 a
658 1202 736 1263 bono
755 1211 839 1282 patre
853 1221 913 1264 non
927 1204 1019 1264 scribi

21 1290 150 1350 heredem
168 1292 227 1350 nisi
240 1288 349 1362 malum
363 1291 537 1368 principem.

73 1375 126 1438 44.
151 1377 247 1438 Natus
271 1384 334 1438 erat
356 1377 491 1456 Agricola
514 1377 584 1437 Gaio
604 1377 727 1438 Caesare
750 1381 872 1440 tertium
895 1378 1017 1440 consule

20 1465 106 1526 idibus
121 1465 233 1526 luniis:
248 1467 375 1525 excessit
389 1472 472 1525 sexto
487 1472 517 1525 et
531 1466 774 1545 quinquagesimo
789 1485 878 1548 auno,
893 1466 1017 1528 decumo

21 1551 149 1614 kalendas
172 1551 355 1631 Septembris
374 1551 490 1631 Collega
509 1551 672 1632 Priscoque
687 1553 871 1615 consulibus.
899 1554 1018 1633 quodsi

22 1640 143 1702 habitum
162 1658 280 1719 quoque
295 1642 359 1701 eius
372 1642 485 1718 posteri
499 1658 623 1701 noscere
637 1641 740 1721 velint,
762 1641 915 1701 decentior
929 1659 1017 1719 quam

22 1728 168 1789 sublimior
181 1729 253 1808 tuit3
266 1727 340 1787 nihil
353 1735 450 1788 metus
465 1730 496 1788 in
509 1726 606 1788 vultu:
620 1730 712 1806 gratia
723 1730 783 1788 oris
794 1737 956 1806 supererat.
966 1727 1017 1787 bo·
1030 1751 1044 1790 s

22 1834 80 1876 num
94 1819 196 1877 virum
206 1815 291 1876 lacile
301 1814 453 1896 crederes,
467 1833 606 1892 magnum
617 1815 752 1876 libenter.
776 1818 879 1894 etipse
890 1815 1017 1895 quidem,

22 1921 190 1983 quamquam
205 1903 302 1964 medio
316 1905 349 1963 in
363 1905 456 1982 spatio
466 1905 598 1981 integrae
613 1905 717 1964 aetatis
731 1911 860 1983 ereptus,
876 1910 1017 1981 quantum

21 1992 48 2051 ad
69 1993 211 2070 gloriam,
241 1991 447 2069 longissimum
474 2009 578 2051 aevum
600 1993 722 2069 peregit.
765 1993 874 2069 quippe
897 1997 927 2051 et
949 2008 1018 2051 vera

21 2077 97 2160 bona,
127 2081 250 2158 quaein
265 2077 425 2140 virtutibus
440 2081 495 2139 sita
509 2087 593 2159 sunt,
618 2079 802 2159 impleverat,
826 2087 855 2139 et
869 2078 1018 2140 consulari

22 2185 46 2227 ac
62 2165 294 2246 triumphalibus
314 2169 494 2227 ornamentis
516 2166 649 2245 praedito
673 2167 744 2245 quid
763 2167 843 2228 aliud
862 2167 1016 2228 adstruere
1031 2191 1056 2229 ro

9 2255 128 2322 ,fortuna
143 2251 281 2334 poterat?
299 2253 406 2333 opibus
420 2256 519 2315 nimiis
533 2272 592 2315 non
607 2254 764 2336 gaudebat,
784 2257 934 2334 speciosae
949 2273 1017 2316 con·

22 2345 149 2421 tigerant.
173 2342 240 2402 filia·
256 2350 344 2421 atque
363 2360 455 2402 uxore
474 2343 685 2420 superstitibus
703 2350 802 2422 potest
821 2343 915 2402 rideri
929 2345 1017 2402 etiam

21 2429 114 2493 beatus
128 2430 272 2491 incolumi
286 2430 441 2510 dignitate,
465 2429 589 2490 florente
603 2430 692 2510 lama,
716 2430 802 2490 salvis
817 2427 1017 2489 adfinitatibus

22 2527 43 2576 et
54 2519 195 2580 amicitiis
209 2518 308 2578 lutura
319 2518 464 2596 effugisse.
488 2535 556 2578 nam
566 2519 643 2577 sicut
653 2519 681 2577 ei
694 2535 754 2577 aon
769 2518 856 2577 licuit
868 2516 976 2576 durare
986 2517 1016 2575 in

22 2605 84 2668 hanc
98 2607 266 2667 beatissimi
280 2605 390 2666 saeculi
404 2605 501 2666 lucem
514 2623 549 2666 ac
561 2606 726 2683 principem
735 2602 893 2663 Traianum
907 2603 1016 2683 ridere,
1032 2625 1057 2666 rs

22 2695 89 2771 quod
111 2696 237 2771 augurio
258 2695 393 2772 votisque
414 2693 492 2773 apud
512 2700 630 2753 nostras
650 2693 731 2754 auris
756 2690 954 2772 omiuabatur,
977 2693 1018 2752 ita

80 2865 129 2932 43,
146 2869 162 2919 8
180 2861 315 2931 principis
335 2863 464 2917 Muretus
479 2863 484 2930 1
499 2860 623 2916 uieeritis
641 2862 669 2915 B
685 2862 689 2931 Ι
711 2868 726 2916 9
745 2861 916 2916 medicorum
934 2859 1018 2930 primi

22 2935 43 2985 et
57 2933 153 2988 libert.
170 2930 267 2986 intimi
283 2933 398 2988 Ernesti
421 2934 425 3001 Ι
452 2937 484 2985 11
504 2933 684 3001 constabant,
703 2949 751 2988 ena
770 2933 921 2997 Rhenanus
950 2935 953 3000 Ι
984 2937 1017 2984 13

22 3001 111 3058 babitu
134 3003 260 3058 Ernesti:
289 3002 383 3056 animo
410 3004 547 3070 (sermone
572 3004 665 3070 Moler,
693 3018 740 3056 ore
767 3019 817 3058 nos
842 3000 1015 3070 quondam)l

21 3071 77 3140 lt‚1
97 3071 215 3128 tertium
230 3072 358 3128 Ursinus:
375 3075 420 3127 ter
439 3071 551 3141 (iterum
567 3073 736 3142 Nipperdey)
752 3074 756 3141 Ι
773 3079 788 3126 2
808 3071 899 3140 sexto]
916 3070 1016 3135 quarto

22 3143 156 3220 saeuus,
176 3143 275 3211 quinto
294 3144 467 3212 Nipperdey,
484 3142 567 3226 tertio
586 3143 677 3197 Ritter
697 3145 702 3211 Ι
723 3143 848 3195 dmetus
866 3154 959 3209 marpo
976 3139 1017 3192 Ae

21 3215 290 3352 ffiuzfinffls
300 3212 525 3352 ιῗῗῖἷιιέἒζῖἷῖξῑ
532 3212 670 3350 hirini)
683 3211 835 3362 paoem
836 3209 905 3334 axel
902 3210 977 3349 11’3413
977 3214 1019 3332 21),
1121 3331 1123 3336 .

22 3355 156 3422 specioeee
174 3370 233 3408 non
251 3354 439 3421 contigerant,
458 3370 505 3408 em.
526 3351 677 3406 Rhenanus
696 3353 701 3421 1
723 3357 756 3405 14
775 3350 848 3404 sacut
865 3365 893 3403 er
910 3364 968 3403 non
985 3348 1018 3401 lr-

23 3425 70 3478 cuit
87 3426 176 3480 Dabl:
201 3423 286 3478 sicuti
304 3425 371 3493 (non
389 3422 510 3492 contigit
527 3423 615 3490 suppl.
635 3421 675 3476 H.
694 3421 794 3477 Schelle
807 3426 871 3492 post
888 3418 995 3487 ridere)
1012 3419 1017 3490 Ι

22 3492 221 3562 iubeo..luce,
240 3512 288 3549 on.
308 3495 454 3571 Aciduliua
470 3497 474 3561 l
492 3497 525 3546 16
544 3506 625 3545 aures
643 3492 671 3545 A

64 3593 169 3636 neom
180 3591 259 3632 PARS
273 3591 306 3631 11.
828 3583 861 3632 18
