2474 4068
399 188 603 246 acaronem
624 197 735 247 ro-ea.
987 193 1050 260 259

43 343 121 412 toga.
149 333 351 415 paulatimque
370 335 545 398 descensum
563 338 599 398 ad
614 338 809 400 delenimenta
823 342 971 422 vitiorum,
984 360 1051 421 por·
1066 365 1093 405 ro

43 425 123 484 tirus
140 429 171 482 et
184 421 299 484 balinea
313 431 343 484 et
362 427 563 486 conviviorum
577 425 758 505 elegantiam.
795 426 884 506 idque
903 429 981 506 apud
998 433 1051 491 im·

42 513 161 590 peritos
176 510 344 572 humanitas
358 511 525 593 vocabatur,
540 531 608 575 cum
621 531 691 592 pars
710 515 862 575 servitutis
876 524 963 578 esset.

113 595 165 660 22.
189 597 309 659 Tertius
332 599 553 678 expeditionum
573 619 668 663 annus
691 620 781 662 noras
804 605 900 681 gentis
923 606 1051 685 aperuit,

44 687 167 747 vastatis
186 703 282 764 usque
297 687 333 748 ad
347 686 479 750 Tanaum
499 682 659 771 (aestuario
678 708 784 751 nomen
800 686 859 772 est)
874 691 1051 753 nationibus.

46 792 105 853 qua
126 773 283 834 formidine
303 777 401 837 territi
421 777 522 838 hostes
543 794 720 856 quamquam
739 779 939 840 conflictatum
957 783 1051 841 saevis

43 860 272 940 tempestatibus
287 865 452 926 exercitum
466 863 612 926 lacessere
626 883 687 926 non
700 869 777 946 ansi3
791 867 995 947 ponendisque
1008 870 1051 927 in·

46 967 138 1029 super
153 949 281 1010 castellis
295 953 423 1030 spatium
437 952 502 1015 luit.
528 953 707 1014 adnotabant
720 956 810 1033 periti
823 972 884 1014 non
897 954 986 1015 alium
1000 954 1079 1021 ‹iu-s

44 1055 112 1098 cem
131 1040 367 1116 opportunitates
392 1039 525 1100 locorum
548 1043 710 1119 sapientius
733 1042 855 1121 legisse3
883 1041 996 1102 nullum
1015 1042 1051 1103 ab
1137 1034 1146 1052 '

43 1124 182 1203 Agricola
200 1127 330 1204 positum
349 1126 501 1188 castellum
520 1131 617 1189 autri
639 1129 770 1190 hostium
788 1136 986 1207 expugnatum
1001 1137 1052 1190 aut

43 1215 183 1293 pactione
198 1231 231 1274 ac
246 1214 316 1293 luga
330 1214 495 1296 desertum3
523 1234 591 1276 nam
612 1216 753 1277 adversus
772 1234 869 1277 moras
888 1216 1051 1277 obsidionis

45 1303 153 1362 annuis
173 1303 266 1379 copiis
284 1302 486 1364 firmabantur.
522 1306 563 1365 ita
581 1304 727 1382 intrepida
742 1304 785 1364 ibi
797 1305 905 1384 hiems,
929 1305 1051 1365 crebrae

45 1390 219 1468 eruptiones
237 1396 267 1449 et
285 1389 343 1450 sibi
366 1393 491 1471 quisque
512 1391 674 1473 praesidio,
698 1394 792 1453 irritis
806 1392 942 1454 hostibus
957 1411 1051 1472 eoque
1066 1419 1092 1459 ιο

45 1476 289 1558 desperantibus,
312 1480 381 1556 quia
402 1478 482 1540 soliti
499 1478 675 1558 plerumque
693 1480 798 1540 damna
816 1482 936 1542 aestatis
954 1480 1052 1542 hiber·

45 1568 93 1626 nis
113 1564 268 1626 eventibus
286 1583 412 1644 pensare
430 1574 494 1628 tum
512 1574 623 1628 aestate
645 1575 733 1647 atque
752 1567 849 1629 hieme
867 1570 949 1629 iuxta
963 1569 1052 1648 pelle·
1088 1613 1096 1629 .

45 1653 165 1714 bantur.
202 1670 257 1714 nec
278 1653 413 1732 Agricola
431 1672 572 1733 umquam
590 1673 644 1733 per
663 1653 735 1714 alios
750 1662 832 1732 gesta
845 1654 948 1716 aridus
962 1659 1052 1716 inter·

45 1741 140 1820 cepit:
168 1758 222 1802 seu
236 1743 371 1802 centurio
386 1759 440 1803 seu
453 1743 621 1821 praelectus
636 1744 842 1820 incorruptum
864 1742 932 1803 lacti
946 1750 1052 1803 testem

45 1828 182 1890 habebat.
214 1829 292 1908 apud
310 1829 452 1908 quosdam
466 1829 600 1891 acerbior
617 1832 649 1891 in
668 1831 808 1890 conviciis
826 1829 1009 1910 narrabatur,
1024 1838 1054 1891 et
1068 1856 1093 1898 ιε

46 1925 113 1978 erat
126 1924 160 1978 ut
174 1919 266 1977 comis
280 1916 379 1998 bonis,
392 1920 433 1978 ita
448 1917 588 1979 adversus
602 1917 694 1978 malos
708 1917 895 1979 iniucundus.
920 1926 1053 1980 ceterum

46 2024 82 2067 ex
98 2004 251 2066 iracundia
270 2004 343 2065 nihil
362 2013 517 2084 supererat
531 2013 688 2087 secretum,
702 2012 737 2066 ut
750 2005 901 2067 silentium
915 2008 979 2068 eius
993 2024 1053 2067 non

46 2095 185 2154 timeres:
199 2093 354 2154 honestius
368 2093 490 2172 putabat
504 2093 653 2155 offendere
668 2112 756 2173 quam
770 2094 876 2156 odisse.

115 2177 167 2242 23.
182 2179 293 2250 Quarta
300 2189 395 2242 aestas
403 2181 570 2243 obtinendis
578 2190 889 2262 quaepercucurrerat
896 2185 1054 2264 insumpta3

46 2288 82 2330 ac
97 2271 123 2330 si
137 2271 232 2330 virtus
247 2271 433 2330 exercituum
451 2277 481 2330 et
494 2270 618 2334 Romani
635 2271 763 2331 nominis
780 2269 873 2348 gloria
892 2279 1054 2351 pateretur,

46 2360 188 2418 inventus
207 2359 240 2417 in
258 2359 321 2435 ipsa
339 2356 491 2419 Britannia
505 2360 658 2419 terminus.
681 2376 809 2437 namque
822 2357 905 2418 Clota
918 2365 948 2418 et
961 2357 1054 2418 bodo-

46 2447 106 2506 tria
128 2445 239 2505 diversi
256 2447 346 2505 maris
360 2444 491 2507 aestibus
509 2464 564 2525 per
576 2448 745 2507 inmensum
759 2452 902 2525 revectae,
929 2452 1053 2522 angusto

47 2541 200 2594 terrarum
214 2534 308 2611 spatio
323 2532 517 2594 dirimuntur:
542 2533 621 2612 quod
636 2541 698 2594 tum
712 2532 867 2612 praesidiis
882 2531 1055 2593 firmabatur
1068 2556 1081 2598 a

47 2629 140 2700 atque
155 2622 250 2681 omnis
264 2623 386 2699 propior
396 2623 479 2683 sinus
490 2621 656 2702 tenebatur,
670 2622 824 2682 summotis
838 2619 959 2682 velutin
968 2619 1056 2681 aliam

47 2708 178 2770 insulam
192 2707 336 2770 hostibus.

122 2947 218 3015 21,10
237 2948 401 3003 descensum
411 2949 545 3005 Picheaa:
565 2949 718 3002 discessum
733 2951 737 3017 Ι
753 2947 937 3002 delinimenta
954 2948 990 3016 A,
1009 2946 1057 3001 de·

47 3016 219 3072 liniamenta
235 3019 263 3073 B
279 3021 284 3088 Ι
302 3025 333 3073 11
352 3019 469 3074 balneas
487 3019 528 3085 B,
546 3018 673 3074 balineas
690 3019 781 3073 Ritter
797 3019 801 3087 Ι
817 3019 862 3085 22,
878 3025 892 3071 1
911 3019 1010 3085 gentes
1028 3017 1057 3072 A

50 3089 54 3160 Ι
72 3095 89 3143 2
109 3087 218 3142 Tavum
237 3089 338 3160 Glt'icle,
364 3091 477 3146 Tavam.
487 3089 647 3160 Nipperdey
670 3091 676 3158 Ι
700 3087 862 3157 regionibns
880 3086 1030 3141 Hellemoa
1050 3087 1054 3157 Ι

47 3164 65 3213 8
86 3160 139 3213 aut
156 3158 225 3229 fuga
242 3160 271 3214 B
299 3162 305 3230 Ι
333 3166 349 3216 9
369 3160 482 3216 crebrae
500 3158 660 3229 eruptiones
678 3160 792 3215 leuctra
844 3158 972 3224 cauimus,
991 3158 1058 3213 libri

42 3235 112 3300 poet
130 3228 273 3284 desertum
291 3235 326 3300 (o.
345 3235 375 3302 8)
393 3233 492 3288 habeat
507 3233 511 3301 Ι
529 3237 561 3284 13
581 3229 690 3284 auidius
708 3229 745 3294 B,
763 3226 815 3283 livi
835 3243 867 3280 us
885 3226 986 3296 Haupt
1001 3231 1006 3296 Ι
1023 3232 1056 3282 15

48 3298 193 3354 conuiuiis
211 3301 284 3356 A¹B
304 3304 308 3372 Ι
329 3302 358 3356 et
376 3303 438 3356 erat
455 3303 489 3356 ut
504 3301 686 3357 Hearichaca:
705 3300 738 3353 ut
755 3299 817 3352 erat
836 3298 840 3367 Ι
862 3303 894 3352 17
914 3300 1059 3368 supererat

49 3371 201 3440 secretum,
220 3373 253 3426 ut
270 3373 399 3430 diremit
407 3373 556 3428 Ddderleo'a
571 3373 575 3440 Ι
591 3371 641 3496 obp
654 3369 700 3425 vel
714 3367 765 3426 Fr.
774 3369 870 3436 Jacob,
888 3370 937 3423 aut
954 3368 1059 3436 Haase,

49 3443 80 3521 et
102 3443 274 3568 Pepteolaaaapo
298 3444 302 3512 Ι
327 3443 596 3513 28,1percnrrerat
661 3442 665 3511 Ι
686 3446 702 3494 a
721 3439 979 3511 gloriaom.B13
998 3442 1059 3495 erat

47 3528 136 3568 mvan
152 3530 184 3567 ua
202 3530 228 3568 m
258 3530 296 3568 rm

844 3597 899 3651 1⁷*
