2474 4068
365 174 571 231 sonrconas
591 184 685 235 e-11.
963 178 1026 244 251

19 325 141 403 spaniae
169 322 355 404 obtenditur,
389 323 478 384 Gadis
505 326 536 384 in
565 324 719 385 meridiem
748 327 835 386 etiam
857 328 1028 408 inspicitur3

22 410 266 491 septentrionalia
280 413 357 491 eius,
380 411 469 497 nullis
490 419 592 473 contra
606 415 708 491 terris,
727 421 809 474 vasto
824 422 911 492 atque
926 423 1027 493 aperto

20 503 96 561 mari
114 499 279 578 pulsantur.
328 499 452 559 sormam
470 501 561 560 totius
579 499 749 561 Britanniae
766 500 867 561 Livius
885 510 1027 583 veterum,

20 588 131 648 Fabius
149 587 291 648 Rusticus
307 589 473 648 recentium
487 587 721 666 eloquentissimi
735 595 872 649 auctores
886 588 1027 668 oblongae
1043 615 1068 653 ro

21 675 154 736 scutulae
173 674 218 735 vel
237 673 360 753 bipenni
377 673 598 735 adsimulavere.
624 682 654 736 et
673 683 719 736 est
736 694 770 736 ea
784 676 874 737 iacies
888 679 962 738 citra
977 677 1028 738 Ca-

21 764 176 844 ledoniam,
198 761 327 823 undeet
349 764 381 822 in
404 765 571 823 universam
594 763 669 823 lama
693 771 738 824 est
760 771 954 845 transgressa,
975 764 1028 826 sed

20 856 189 913 inmensum
203 858 234 910 ct
248 866 369 910 enorme
388 852 516 928 spatium
530 853 770 928 procurrentium
782 859 913 913 extremo
927 855 985 913 iam
995 852 1038 913 li-'

21 949 86 1000 tore
105 947 253 999 terrarum
272 936 400 999 velutin
420 955 547 998 cuneum
567 946 713 999 tenuatur.
740 939 816 1000 banc
836 957 917 1000 oram
932 942 1027 1001 noris·

22 1029 89 1088 simi
103 1028 193 1087 maris
207 1033 279 1086 tunc
293 1026 422 1103 primum
437 1025 566 1086 Romana
581 1025 683 1086 classis
694 1028 890 1088 circumvecta
901 1027 1026 1089 insulam
1042 1052 1067 1092 15

21 1134 87 1176 esse
101 1113 282 1175 Britanniam
296 1113 469 1194 adfirmavit,
486 1131 519 1174 ac
534 1112 622 1174 simul
636 1115 801 1192 incognitas
815 1114 851 1174 ad
865 1114 895 1175 id
910 1123 1027 1194 tempus

21 1202 147 1280 insulas,
166 1218 241 1280 quas
259 1198 388 1262 Orcadas
406 1209 525 1281 vocant,
543 1202 655 1261 invenit
674 1201 854 1281 domuitque.
895 1202 1026 1281 dispecta

22 1300 67 1351 est
81 1298 111 1350 ct
125 1288 228 1369 Thule,
243 1289 311 1367 quia
324 1287 469 1350 hactenus
483 1291 609 1350 iussum:
630 1296 661 1348 ct
673 1288 769 1349 biems
783 1288 947 1368 adpetebat.
974 1290 1027 1351 scd

22 1395 101 1439 mare
122 1380 240 1456 pigrum
255 1384 285 1436 et
298 1393 385 1454 grave
400 1375 612 1456 remigantibus
625 1376 783 1455 perbibent
797 1395 835 1438 nc
853 1380 950 1438 ventis
964 1380 1026 1457 qui·

22 1468 89 1527 dem
107 1464 231 1544 perinde
246 1463 352 1545 attolli,
371 1464 460 1525 credo
480 1465 557 1544 quod
575 1467 703 1526 rariores
727 1473 823 1526 terrac
843 1474 1027 1547 montesque,
1041 1491 1068 1530 eo

22 1572 111 1615 causa
129 1571 163 1614 ac
185 1554 308 1613 materia
327 1559 549 1633 tempestatum,
572 1560 602 1613 et
619 1552 765 1632 protunda
783 1552 876 1614 moles
894 1556 1027 1615 continui

22 1644 113 1702 maris
130 1640 245 1701 tardius
264 1639 433 1719 impellitur.
467 1649 602 1701 naturam
622 1638 731 1701 Oceani
749 1647 838 1718 atquc
857 1647 956 1701 aestus
976 1659 1026 1702 ne·

23 1747 80 1808 que
102 1746 245 1809 quaerere
259 1728 349 1789 buius
363 1730 462 1806 operis
476 1735 530 1808 est,
545 1746 578 1789 ac
592 1726 677 1788 multi
692 1727 847 1788 rettulere:
867 1745 959 1788 unum
978 1726 1027 1788 ad·

22 1818 156 1897 diderim,
166 1833 313 1894 nusquam
322 1815 409 1877 latius
420 1816 662 1896 dominarimare,
672 1814 797 1876 multum
807 1814 1026 1876 lluminumbuc

24 1915 112 1984 atque
130 1904 200 1965 illuc
220 1904 307 1984 serre,
330 1921 385 1964 nec
404 1903 490 1964 litore
510 1911 597 1964 tenus
615 1903 788 1963 adcrescere
803 1912 854 1963 aut
867 1901 1026 1983 resorberi,
1040 1927 1068 1967 rs

23 1994 73 2054 sed
89 1991 213 2052 inlluere
229 1993 347 2070 penitus
362 1999 450 2070 atque
465 1990 586 2071 ambire,
601 1998 631 2051 et
645 1991 722 2070 iugis
731 1992 819 2051 etiam
832 2009 866 2052 ac
876 1991 1026 2052 montibus

23 2082 113 2141 inseri
127 2078 253 2140 velutin
267 2096 329 2140 suo.

90 2166 487 2229 nemorumnemorum
501 2168 553 2244 qui
566 2164 705 2227 mortales
719 2167 803 2227 initio
814 2165 969 2248 coluerint,
983 2169 1027 2227 in-

23 2257 144 2334 digenae
158 2273 196 2315 an
210 2254 333 2335 advecti,
346 2261 380 2315 ut
394 2256 472 2315 inter
486 2253 627 2314 barbaros
642 2272 746 2332 parum
760 2261 953 2333 compertum.
977 2255 1026 2315 ba·

23 2343 102 2404 bitus
121 2361 280 2421 corporum
293 2343 367 2403 varii
381 2350 470 2421 atque
488 2360 525 2402 ex
539 2360 574 2402 eo
591 2349 771 2421 argumenta.
807 2359 934 2421 namque
953 2344 1026 2402 ruti·

23 2432 66 2491 lac
81 2430 267 2492 Caledoniam
280 2429 476 2490 habitantium
490 2447 600 2508 comae,
616 2431 714 2507 magni
728 2435 810 2488 artus
823 2428 1026 2488 Germanicam

23 2521 166 2598 originem
189 2518 376 2599 adseverant5
395 2517 526 2578 Silurum
544 2517 666 2577 colorati
684 2515 796 2596 vrrltus,
814 2517 885 2576 torti
899 2515 1055 2595 plerum-s

24 2625 79 2684 que
98 2607 197 2667 crines
216 2614 246 2667 et
263 2607 359 2684 posita
377 2612 480 2665 contra
499 2603 639 2681 Hispania
660 2601 786 2664 lllberos
805 2609 920 2664 veteres
941 2605 1026 2663 traie-

23 2697 97 2754 cisse
121 2711 231 2773 easquc
253 2692 340 2754 sedes
358 2709 518 2771 occupasse
537 2691 625 2751 fidem
644 2691 769 2771 iaciunt3
791 2692 919 2770 proximi
938 2690 1027 2752 Gallis

91 2931 217 3003 10,9’1“.
236 2930 332 2986 Livius
351 2931 442 2986 Rittcr
467 2934 472 3000 Ι
498 2937 529 2985 11
550 2932 683 3000 scupuloe
701 2931 729 2985 B
749 2931 755 2999 1
775 2929 972 2986 adsimilauero
990 2930 1026 2998 B,

22 3001 213 3058 assimilsuero
231 3003 279 3072 ΑΙ
296 3009 329 3057 12
347 3000 378 3056 in
400 3018 451 3057 om.
469 3001 497 3055 A
513 3004 518 3070 Ι
533 3001 693 3057 universam
711 3001 814 3058 Sobelc:
842 2999 1022 3068 uniuersum!

21 3077 198 3142 transgresso
219 3073 385 3128 Rhenanus:
416 3073 599 3141 transgressis
618 3076 655 3142 (n.
676 3072 706 3126 et
723 3072 753 3124 in
771 3070 931 3125 universum
948 3069 1026 3122 fama

22 3144 70 3199 est.
90 3143 141 3198 sed
158 3141 340 3212 bansgressis
357 3143 515 3212 Ddderlein)
532 3144 536 3212 Ι
553 3149 586 3198 13
605 3143 720 3208 inorme,
739 3158 786 3195 een.
805 3139 956 3217 Rhenanus
972 3140 1026 3220 [17

23 3215 155 3284 despecte
172 3214 200 3267 B
216 3216 221 3282 Ι
239 3212 379 3269 18·'Ibule
396 3212 521 3268 Roestir
541 3211 631 3281 Thyle
648 3213 685 3279 A,
704 3210 774 3278 Tyle
791 3210 819 3263 B
835 3212 840 3278 Ι
856 3208 906 3263 sed
925 3224 1028 3265 omasus

22 3285 85 3351 quio
108 3283 215 3340 Urlichs
243 3284 249 3351 Ι
278 3283 328 3338 sed
345 3282 435 3338 hiems
455 3283 608 3352 oppetebat
626 3283 655 3336 et
672 3295 749 3334 more
767 3280 803 3334 B.
822 3279 933 3350 Schola,
951 3282 1027 3337 Auo.

20 3356 85 3422 pbil.
104 3359 191 3421 1865,
206 3358 261 3408 555
290 3354 295 3421 Ι
324 3359 358 3409 20
376 3353 492 3422 perinde
512 3353 636 3408 Grotius:
655 3349 773 3420 proinde
803 3350 807 3421 Ι
836 3355 871 3405 24
890 3350 1029 3406 dominam

24 3425 190 3481 Puteolanus
209 3427 234 3480 et
251 3439 345 3494 morpo
363 3425 406 3477 A:
426 3421 553 3478 domoon
577 3426 582 3493 Ι
604 3423 649 3490 11,
663 3425 680 3475 4
700 3436 779 3475 arcus
799 3436 961 3491 germanam
978 3422 1027 3493 ΒΙ

23 3493 223 3566 ohisponiem
242 3510 289 3552 em.
309 3493 457 3564 Muretus!
472 3493 567 3548 lberss
584 3493 612 3547 B
