2474 4068
339 176 543 234 aoarooma
562 187 676 236 m-as.
942 184 1011 249 265

8 345 113 406 paucos
128 343 266 406 numero,
288 326 420 404 trepidos
434 329 614 408 ignorantia,
634 328 746 389 caelum
762 332 860 408 ipsum
878 349 912 392 ac
926 349 1007 392 mare

9 424 34 475 et
51 414 151 495 silvas,
179 416 280 493 ignota
298 416 396 475 omnia
410 416 523 475 circum
537 423 722 497 spectantes,
750 417 865 479 clausos
881 419 1007 498 quodam

8 503 88 562 modo
113 521 146 563 ac
170 504 285 563 vinctos
308 501 339 561 di
361 501 447 563 nobis
470 502 664 566 tradiderunt.
720 523 758 566 ne
782 515 893 567 terreat
915 524 1007 568 vanus
1022 529 1051 570 rs

9 597 139 668 aspectus
168 597 198 650 et
223 591 288 651 auri
315 589 412 669 fulgor
435 598 522 669 atque
548 595 676 674 argenti,
709 594 787 672 quod
814 611 911 673 neque
935 597 1008 673 tegit

9 697 98 757 neque
113 677 259 739 vulnerat.
283 679 314 738 in
328 680 392 757 ipsa
405 678 535 740 hostium
550 682 611 741 acie
625 682 809 742 inveniemus
823 689 939 742 nostras
949 699 1008 742 ma-

10 785 66 826 nus.
90 766 272 845 adgnoscent
285 765 421 827 Britanni
435 785 517 827 suam
532 786 664 848 causam,
683 769 920 830 recordahuntur
934 768 1009 831 Galli

9 856 133 932 priorem
145 853 326 915 libertatem:
342 854 479 916 deserent
493 855 558 915 illos
573 858 666 916 ceteri
679 856 825 938 Germani,
844 865 903 918 tam
921 875 1008 936 quam

8 959 97 1020 nuper
112 941 196 1020 Usipi
210 941 404 1020 reliquerunt.
430 961 486 1004 nec
501 946 659 1022 quicquam
674 944 750 1005 ultra
765 945 944 1006 formidinis:
959 965 1007 1005 va·
1022 969 1049 1009 ro

11 1048 57 1089 cua
75 1029 208 1110 castella,
230 1048 334 1092 senum
356 1030 500 1112 coloniae,
522 1033 599 1091 inter
613 1031 687 1092 male
701 1039 839 1110 parentes
854 1040 884 1093 et
898 1035 1008 1094 iniuste

11 1119 183 1195 imperantes
207 1135 294 1196 aegra
317 1120 477 1196 municipia
501 1127 531 1179 et
553 1120 759 1180 discordantia.
796 1120 845 1179 hic
868 1120 936 1201 dux,
958 1120 1008 1181 hic

11 1207 165 1267 exercitus:
193 1204 235 1265 ibi
254 1205 366 1266 tributa
384 1213 414 1267 et
428 1204 544 1266 metalla
558 1215 588 1266 et
602 1214 717 1267 ceterae
733 1209 924 1268 servientium
939 1226 1008 1287 poe·

10 1310 65 1374 nae,
74 1312 148 1372 quas
158 1295 189 1352 in
198 1299 350 1354 aeternum
359 1294 493 1372 perferre
506 1302 556 1354 aut
567 1296 666 1354 statim
680 1295 784 1356 ulcisci
797 1297 828 1355 in
838 1296 894 1356 hoc
904 1313 1007 1375 campo

10 1389 55 1441 est.
91 1380 217 1459 proinde
235 1383 308 1441 ituri
327 1383 358 1440 in
377 1383 470 1442 aciem
489 1389 519 1442 et
537 1383 662 1443 maiores
682 1390 796 1444 vestros
820 1391 850 1444 et
872 1392 1008 1463 posteros
1022 1405 1050 1447 aa

10 1464 149 1546 cogitate?

68 1555 119 1618 33.
143 1555 295 1634 Excepere
306 1557 469 1617 orationem
479 1555 599 1638 alacres,
613 1565 647 1618 ut
659 1557 794 1619 barbaris
808 1562 908 1639 moris,
919 1568 1007 1621 cantu

11 1642 183 1723 fremituque
203 1651 233 1704 et
251 1643 429 1712 clamoribus
450 1644 586 1706 dissonis.
609 1647 726 1723 iamque
740 1648 856 1724 agmina
870 1655 900 1706 et
913 1665 1007 1707 armo·

10 1748 68 1791 rum
82 1731 213 1810 fulgores
228 1730 431 1792 audentissimi
446 1734 590 1811 cuiusque
604 1750 764 1810 procursu:
779 1731 866 1793 simul
880 1736 1008 1794 instrue·

10 1815 89 1880 hatur
109 1822 200 1900 acies,
229 1837 297 1880 cum
316 1818 451 1898 Agricola
470 1837 648 1899 quamquam
665 1820 774 1880 laetum
794 1827 823 1881 et
841 1822 889 1880 vix
912 1823 1006 1881 muni·

10 1910 109 1969 mentis
124 1909 286 1968 coercitum
301 1906 424 1967 militem
438 1907 660 1968 accendendum
673 1907 769 1967 adhuc
783 1915 865 1968 ratus
869 1954 879 1988 ,
894 1911 933 1969 ita
948 1910 1034 1973 dis-s

12 1998 108 2056 seruit:
119 1991 376 2074 ‘septimusannus
384 1994 773 2076 estcommilitones,exquo
783 1997 892 2057 virtute
900 2002 1007 2076 restra,

11 2085 141 2162 auspiciis
156 2084 274 2162 imperii
287 2082 419 2163 Romani,
434 2082 491 2143 fide
502 2090 590 2162 atque
603 2101 693 2162 opera
711 2090 812 2144 nostra
825 2083 1007 2146 Britanniam

11 2171 122 2232 vicistis.
155 2178 201 2231 tot
214 2170 464 2251 expeditionibus,
484 2178 527 2232 tot
540 2171 675 2251 proeliis,
694 2189 747 2232 seu
766 2172 939 2234 fortitudine
958 2173 1007 2234 ad·

11 2275 106 2321 versus
124 2258 219 2319 hostis
238 2276 292 2319 seu
309 2261 450 2336 patientia
470 2277 504 2319 ac
522 2258 623 2320 labore
641 2277 734 2339 paene
754 2260 894 2321 adversus
913 2263 1007 2340 ipsam

12 2362 103 2408 rerum
117 2354 253 2407 naturam
268 2363 343 2425 opus
357 2347 421 2426 fuit,
435 2364 532 2425 neque
545 2366 593 2408 me
608 2347 734 2408 militum
748 2365 845 2426 neque
860 2366 912 2408 ros
922 2349 1006 2409 ducis
1022 2373 1048 2413 ro

12 2436 157 2508 paenituit.
194 2452 264 2512 ergo
283 2436 408 2514 egressi,
431 2452 484 2512 ego
503 2443 638 2495 veterum
656 2434 835 2514 legatorum,
859 2453 910 2494 vos
928 2437 1007 2513 prio·

13 2538 69 2582 rum
88 2522 274 2582 exercituum
291 2523 448 2601 terminos,
476 2522 565 2581 finem
588 2521 757 2581 Britanniae
781 2539 841 2581 non
859 2522 935 2581 fama
952 2539 1008 2582 nee

13 2625 132 2690 rumore,
150 2608 203 2670 scd
222 2610 327 2669 castris
346 2616 376 2669 et
394 2611 483 2669 armis
507 2617 654 2669 tenemus:
677 2610 797 2669 inventa
814 2608 964 2670 Britannia
979 2616 1009 2670 et

12 2697 131 2760 subacta.
160 2696 298 2775 equidem
316 2714 404 2774 saepe
427 2699 458 2756 in
477 2698 606 2777 agmine,
630 2714 699 2758 cum
717 2714 769 2757 vos
787 2695 909 2775 paludes
927 2716 1009 2759 mon-

12 2789 82 2846 tesve
98 2793 128 2846 et
141 2785 262 2845 flumina
281 2785 450 2865 fatigarent,
466 2784 619 2844 fortissimi
638 2786 783 2864 cuiusque
801 2804 889 2847 voces
909 2787 1008 2848 audie·
1022 2809 1049 2850 u

71 2936 172 3004 BB,18
195 2935 300 2990 circum
317 2935 442 3005 trepidos
461 2936 534 3003 AB,
567 2935 672 3017 circum
685 2943 861 3008 praeceptum
879 2954 912 2993 ec
930 2953 1009 3018 amau

10 3008 121 3130 pp
137 3005 659 3147 consarcinatione
678 3008 905 3144 antona.
918 3007 1009 3130 aaa}

11 3080 140 3203 addetis
156 3149 160 3216 Ι
176 3146 221 3214 BB,
238 3153 252 3200 1
272 3147 302 3200 el
313 3093 496 3227 ‘at-Waoder,
515 3149 599 3227 etque
618 3148 651 3201 ut
666 3147 756 3202 Ritter
771 3149 776 3214 l
792 3153 809 3200 4
827 3145 1008 3199 munimentis

10 3215 185 3288 Bomarpo
203 3216 244 3271 A:
262 3219 378 3270 momirs
397 3217 425 3272 A
454 3218 458 3285 Ι
488 3218 658 3286 fseptrmus
678 3217 837 3272 Acidaliae:
866 3216 1007 3290 octanusl

11 3290 96 3342 restra
112 3289 285 3358 Nipperdey:
314 3288 344 3344 ei
372 3290 377 3354 1
407 3293 422 3342 'l
447 3303 532 3356 opera
553 3288 650 3341 vestra
673 3287 842 3342 Puteolanus
866 3286 1009 3356 (auspiciis

11 3353 67 3427 imp.
87 3359 152 3426 Ro,
180 3356 285 3412 virtuto
304 3359 334 3411 et
350 3356 405 3412 fide
423 3359 518 3412 vestra
536 3358 621 3425 etque
641 3372 727 3427 opere
744 3358 841 3411 nostra
864 3358 982 3428 Urlichs)
1003 3357 1007 3431 l

12 3425 107 3554 lorengio}
108 3430 234 3556 ἒοὲὲω
228 3429 393 3496 montesque
408 3427 514 3484 Urliclta
529 3431 533 3498 Ι
552 3434 584 3482 15
598 3428 638 3500 ei]
656 3429 706 3482 aui
718 3428 900 3500 Britaelmogr
916 3430 920 3498 Ι
936 3435 1010 3483 tivo-
