2474 4068
359 189 573 245 annuemus
591 197 704 248 se-aa.
962 191 1027 257 235

86 337 157 400 Non
176 340 392 399 numeraverim
413 341 491 399 inter
510 338 681 399 Germaniae
695 338 832 420 populos,
852 356 1028 418 quamquam

16 436 103 488 trans
119 426 258 487 Rhenum
272 425 494 506 Danuviumque
509 427 709 508 consederint,
728 445 779 488 eos
793 429 845 506 qui
858 427 1026 488 decumates
1041 449 1067 492 rs

16 533 108 594 agros
124 521 280 576 exercent:
294 514 460 575 levissimus
475 515 599 594 quisque
614 513 763 576 Gallorum
778 523 808 575 et
820 514 919 594 inopia
933 515 1026 575 audax

21 603 133 664 dubiae
152 604 349 682 possessionis
369 602 463 664 solum
482 620 676 684 occupavere;
694 621 761 664 mox
775 603 867 664 limite
882 610 946 663 acto
960 621 1026 682 pro·

19 693 173 771 motisque
187 690 341 770 praesidiis
356 693 439 752 sinus
453 692 608 769 impertiet
616 709 685 770 pars
694 693 862 771 provinciae
872 690 1027 752 habentur.

90 777 144 841 30.
161 778 242 840 Ultra
255 777 310 840 hos
325 778 435 840 Chatti:
453 781 570 840 initium
589 779 667 841 sedis
682 779 717 840 ab
731 777 878 858 llercynio
893 778 969 840 saltu
984 781 1026 839 in·

19 867 159 944 cohatur‚
173 883 232 927 non
247 869 287 927 ita
301 867 402 928 effusis
416 885 449 928 ac
463 866 644 947 palustribus
658 866 739 947 locis,
754 874 787 927 ut
800 875 915 929 ceterae
927 870 1026 928 civita·

20 965 78 1036 teS,
92 958 126 1016 in
140 973 214 1035 quas
228 955 382 1016 Germania
395 957 534 1034 patescit:
547 955 654 1016 durant
672 955 818 1033 siquidem
832 955 934 1036 colles,
956 972 1026 1035 pau-

20 1044 106 1104 latim
119 1050 289 1124 rarescunt,
303 1051 333 1104 et
346 1043 465 1104 Chattos
480 1061 549 1105 suos
564 1043 655 1104 saltus
664 1043 828 1122 Hercynius
837 1046 1027 1122 prosequitur

22 1131 114 1193 simul
128 1139 218 1211 atque
232 1130 360 1211 deponit.
385 1131 505 1192 duriora
519 1134 599 1210 genti
613 1149 746 1211 corpora,
760 1133 856 1191 stricti
869 1139 960 1210 artus,
975 1134 1026 1191 mi·
1040 1153 1053 1195 s

22 1239 81 1280 nax
96 1219 198 1280 multus
212 1227 242 1280 et
255 1221 347 1280 maior
360 1221 450 1280 animi
463 1221 552 1298 rigor.
575 1219 709 1301 multum,
724 1226 757 1280 ut
769 1221 848 1279 inter
858 1218 1028 1299 Germanos,

23 1310 151 1368 rationis
174 1326 208 1368 ac
233 1307 392 1368 sollertiae:
416 1325 596 1387 praeponere
616 1307 738 1388 electos,
758 1307 860 1368 audire
879 1308 1027 1386 praeposi·

24 1405 81 1476 tos,
104 1413 194 1456 nosse
217 1395 344 1475 ordines,
367 1395 537 1474 intellegere
556 1397 738 1476 occasiones,
758 1395 876 1456 dilierre
890 1397 1028 1477 impetus,
1115 1413 1117 1424 ·

24 1485 184 1563 disponere
204 1484 294 1563 diem,
317 1483 422 1545 vallare
441 1492 571 1566 noctem,
594 1485 740 1546 fortunam
754 1485 832 1546 inter
846 1483 948 1564 dubia,
971 1485 1027 1544 rir-

25 1581 121 1633 tutem
140 1574 218 1632 inter
236 1579 316 1634 certa
341 1589 509 1652 numerare,
532 1573 670 1653 quodque
693 1574 877 1633 rarissimum
895 1589 951 1633 nec
969 1572 1027 1631 nisi
1042 1594 1067 1635 :o

26 1660 175 1721 llomanae
190 1659 361 1739 disciplinae
376 1678 558 1741 concessum,
573 1661 639 1740 plus
653 1677 797 1740 reponere
811 1663 841 1721 in
856 1659 1028 1738 decoquam

26 1751 58 1808 in
73 1751 214 1809 exercitu.
238 1766 323 1808 omne
342 1748 433 1809 robur
451 1752 481 1810 in
502 1749 614 1830 pedite,
634 1766 721 1827 quem
740 1764 830 1827 super
844 1765 923 1807 arma
937 1747 1028 1806 terra·

26 1838 135 1898 mentis
155 1853 272 1916 quoque
291 1844 321 1897 et
338 1839 431 1915 copiis
449 1832 585 1898 onerant:
608 1835 680 1896 alios
699 1835 735 1896 ad
758 1834 903 1914 proelium
925 1836 970 1894 ire
988 1835 1028 1894 vi·

27 1925 110 2006 deas,
134 1924 254 1986 Chattos
277 1923 313 1986 ad
336 1923 454 1986 bellum.
481 1927 542 1986 rari
565 1941 707 1985 excursus
731 1931 761 1984 et
783 1923 903 1984 fortuita
921 1939 1028 2000 pugna.

28 2015 212 2093 equestrium
230 2031 300 2074 sane
319 2014 424 2074 virium
445 2013 474 2073 id
489 2014 655 2093 proprium,
675 2013 733 2074 cito
747 2027 852 2091 parere
867 2012 1027 2092 victoriam,
1042 2032 1068 2075 u

28 2103 87 2162 cito
111 2101 229 2162 cedere:
252 2101 389 2162 velocitas
412 2103 493 2162 iuxta
510 2100 709 2182 formidinem,
737 2102 884 2161 cunctatio
907 2101 1029 2179 propior

29 2190 211 2250 constantiae
226 2197 279 2250 est.

95 2275 145 2340 31.
168 2276 206 2337 Et
221 2277 285 2338 aliis
300 2276 511 2338 Germanorum
525 2275 641 2356 populls
656 2284 831 2356 usurpatum
845 2293 912 2338 raro
926 2282 956 2336 et
969 2277 1029 2354 pri·

30 2373 94 2426 vata
115 2366 258 2445 cuiusque
272 2365 409 2427 audentia
423 2365 500 2445 apud
515 2364 635 2426 Chattos
649 2367 680 2425 in
694 2381 871 2426 consensum
885 2365 982 2442 vertit,
995 2369 1029 2422 ut

30 2457 157 2532 primum
171 2453 363 2534 adoleverint,
384 2456 497 2515 crinem
511 2452 689 2531 barbamque
704 2450 888 2530 submittere,
901 2467 956 2510 nec
970 2450 1030 2509 nisi

30 2542 114 2603 hoste
132 2559 216 2604 caeso
235 2559 343 2603 exuero
362 2544 490 2603 votivum
509 2540 728 2619 obligatumque
747 2541 850 2599 virtuti
868 2539 929 2598 oris
948 2536 1028 2598 babi-

29 2637 101 2692 tum.
146 2647 235 2709 super
257 2631 429 2709 sanguinem
453 2639 483 2690 et
506 2628 598 2708 spolia
624 2626 754 2688 revelant
772 2627 913 2707 frontem,
937 2643 1055 2705 seques

31 2728 93 2778 tum
116 2717 233 2779 demum
255 2721 350 2798 pretia
373 2717 513 2780 nascendi
531 2715 682 2778 rettulisse
701 2715 864 2794 dignosque
882 2715 977 2793 patria
995 2732 1029 2776 ac

29 2804 200 2884 parentibus
215 2807 326 2868 ierunt:
345 2808 456 2885 ignaris
471 2817 500 2866 et
515 2805 681 2866 imbellibus
695 2812 794 2865 manet
807 2802 934 2883 squalor.
971 2803 1029 2863 lor·

32 2897 160 2956 tissimus
179 2896 304 2975 quisque
323 2895 452 2955 ierreum
470 2896 592 2974 insuper
606 2893 726 2955 anulum
740 2885 984 2977 (ignominiosum
999 2889 1028 2950 id

98 3099 143 3167 29,
151 3105 183 3155 14
201 3099 488 3168 numerauerimusCl
506 3106 538 3153 lb
557 3097 763 3165 danubiumque
782 3096 830 3151 Bb
846 3094 933 3165 180st
953 3091 1027 3146 inco·

31 3169 111 3224 batur
127 3171 167 3225 B:
186 3169 320 3225 incohent
337 3169 491 3240 (inchoant)
506 3171 643 3240 plerique;
661 3170 737 3224 lectio
755 3167 838 3222 totius
856 3166 908 3220 loci
925 3164 1029 3243 incerta

33 3241 68 3311 lt
87 3242 188 3296 durans
208 3243 224 3297 b
242 3258 310 3298 corr.
328 3240 539 3313 'paulatimque
558 3241 716 3304 Rhenanus,
735 3253 774 3291 oo
792 3235 841 3289 sed
860 3233 1027 3305 paulattmil

32 3316 47 3365 5
66 3313 148 3380 etque
168 3312 232 3368 Oet
249 3327 317 3368 corr.
337 3313 365 3368 b:
385 3327 417 3367 ae
435 3312 483 3367 Bb
500 3316 503 3376 Ι
520 3317 535 3366 9
555 3309 641 3379 diem]
660 3306 749 3361 aciem
764 3306 909 3374 Weidner!
927 3312 958 3359 11
974 3304 1028 3358 Ro·

31 3383 139 3454 manae]
158 3381 267 3437 ratione
286 3383 328 3453 01
346 3388 378 3437 14
396 3398 459 3437 raro
479 3382 519 3450 01
537 3385 570 3434 15
587 3393 684 3448 perere
705 3377 838 3432 Heraeus:
863 3391 974 3445 parare,
993 3376 1027 3442 ef.

32 3457 107 3520 42,3
126 3457 131 3521 Ι
153 3459 185 3508 to
204 3453 317 3509 cedere:
337 3452 436 3508 ceteris
454 3449 588 3506 velocitas
607 3449 730 3504 Mesae:
749 3452 753 3516 Ι
774 3447 819 3515 tt,
837 3454 849 3501 1
870 3446 930 3518 [Et]
950 3445 1028 3514 Reif-

31 3524 157 3588 ferscheid
172 3527 177 3594 Ι
192 3539 255 3580 rara
273 3524 300 3580 B
305 3525 312 3556 ¹
329 3525 333 3595 Ι
350 3530 365 3580 6
383 3521 518 3578 noscendi
530 3521 655 3591 plerique
