2474 4068
195 113 260 175 232
542 108 712 165 CORNELII
729 108 849 163 TACITI

261 255 312 320 23.
335 258 422 319 Potui
440 255 547 318 humor
566 275 601 318 ex
615 257 726 317 hordeo
745 265 796 317 aut
814 257 975 336 frumento,
1000 257 1031 316 iu
1051 255 1215 335 quandam

196 347 418 409 similitudinem
432 347 494 406 vini
507 353 679 424 corruptus:
706 347 833 423 proximi
851 346 932 424 ripae
952 352 982 404 ct
1000 346 1105 405 vinum
1127 364 1215 406 mer-

194 443 309 498 cantur.
346 434 405 496 cibi
429 434 590 513 simplices,
612 435 739 511 agrestia
759 451 858 513 poma,
881 451 985 494 recens
1003 432 1065 492 fera
1085 442 1147 494 aut
1172 433 1214 494 lac

167 549 182 590 e
196 531 379 587 concretum:
391 524 453 582 sine
467 529 616 602 apparatu,
632 523 694 582 sine
705 521 911 582 blandimentis
922 521 1071 599 expellunt
1083 521 1213 582 lumem.

196 613 336 674 adversus
351 613 429 671 sitim
444 628 503 668 non
519 610 619 670 eadem
631 611 832 688 temperantia.
856 612 881 670 si
891 609 1049 670 indulseris
1060 609 1213 670 ebrietati

195 699 380 779 suggerendo
396 705 538 776 qnantum
557 699 784 778 concupiscunt,
803 696 883 758 haud
902 699 1000 758 minus
1019 697 1108 759 lacile
1124 701 1212 760 vitiis

171 848 174 855 ,
197 806 284 868 quam
298 788 387 847 armis
401 787 565 847 vincentur.

262 873 436 936 temnus
464 873 699 952 spectaculorum
726 892 819 934 unum
846 881 934 952 atque
952 876 983 934 in
1007 875 1087 934 omni
1117 885 1213 936 coetu

196 964 282 1026 idem.
302 963 375 1024 nudi
389 965 526 1042 iuveneS,
540 963 649 1041 quibus
663 962 692 1023 id
708 960 854 1023 ludicrum
870 970 928 1041 est,
947 965 1025 1023 inter
1039 960 1166 1040 gladios
1184 982 1213 1024 se

196 1061 284 1132 atque
303 1053 425 1112 infestas
444 1051 568 1112 frameas
587 1051 663 1112 saltu
678 1052 797 1112 iaciunt.
818 1052 989 1111 exercitatio
1004 1058 1100 1110 artem
1122 1071 1212 1130 para·

196 1144 246 1222 vit,
274 1159 322 1200 ars
345 1140 491 1219 decorem,
518 1157 577 1199 non
600 1141 631 1199 in
654 1147 809 1217 quaestum
832 1146 930 1200 tamen
950 1147 999 1200 aut
1018 1141 1213 1201 mercedem:

169 1254 182 1296 s
198 1231 330 1309 quamvis
350 1228 468 1288 audacis
487 1227 622 1288 lasciviae
643 1229 772 1305 pretium
786 1234 831 1287 est
845 1226 978 1305 voluptas
993 1231 1212 1306 spectantium.

196 1318 297 1397 aleam,
312 1316 389 1394 quod
399 1317 516 1394 mirere,
544 1315 636 1384 sobrii
645 1317 722 1376 inter
730 1317 806 1376 seria
816 1323 963 1396 exercent,
977 1323 1057 1376 tanta
1064 1313 1212 1378 lucrandi

195 1404 375 1485 perdendive
399 1405 572 1482 temeritate,
595 1411 636 1483 ut,
660 1421 728 1463 cum
751 1405 847 1463 omnia
867 1403 1052 1485 deiecerunt,
1066 1413 1211 1466 extremo

196 1512 230 1554 ac
254 1493 412 1552 novissimo
435 1492 513 1551 iactu
537 1491 573 1551 de
597 1490 732 1552 libertate
755 1509 788 1550 ac
812 1490 848 1551 de
867 1509 991 1570 corpore
1010 1493 1210 1554 contendant

196 1583 292 1643 victus
307 1579 499 1640 voluntariam
513 1580 685 1640 servitutem
699 1579 772 1640 adit:
791 1581 923 1658 quamvis
937 1581 1083 1660 iuvenior,
1101 1600 1211 1660 quam·

156 1695 184 1735 ro
197 1672 241 1730 vis
255 1669 406 1730 robustior
419 1667 541 1746 adligari
555 1685 587 1728 se
601 1685 634 1727 ac
654 1669 754 1728 venire
768 1669 888 1745 patitur.
912 1686 946 1728 eu
960 1676 1005 1728 est
1018 1669 1049 1728 in
1062 1686 1096 1727 re
1112 1688 1210 1747 prave

196 1759 375 1838 pervicacia3
390 1758 448 1835 ipsi
466 1756 554 1816 fidem
569 1763 682 1816 vocant.
715 1773 815 1815 servos
835 1756 1016 1817 condicionis
1036 1756 1128 1818 huius
1151 1778 1210 1838 per

197 1847 373 1909 commercia
388 1844 516 1924 tradunt,
529 1852 564 1905 ut
578 1862 609 1904 se
624 1863 740 1922 qnoque
756 1844 868 1922 pudore
884 1847 1024 1905 victoriae
1039 1845 1209 1908 exsolvant.

264 1931 315 1996 25.
339 1932 452 1994 Ceteris
471 1934 564 1994 servis
578 1950 637 1993 non
651 1935 682 1992 in
696 1939 831 1992 nostrum
845 1950 966 2014 morem,
981 1932 1134 2010 discriptis
1150 1954 1210 2014 per

197 2021 335 2082 familiam
358 2022 539 2100 ministeriis,
563 2028 700 2081 utuntur:
732 2039 816 2081 suam
840 2023 965 2100 quisque
987 2021 1099 2103 sedem,
1131 2041 1210 2086 suos

197 2117 319 2188 penates
342 2109 426 2186 regit.
472 2108 613 2168 frumenti
635 2109 755 2169 modum
778 2108 914 2169 dominus
937 2117 988 2170 aut
1010 2110 1130 2189 pecoris
1153 2123 1210 2174 aut

197 2199 288 2258 vestis
307 2203 341 2257 ut
359 2195 462 2256 colono
482 2197 621 2275 iniungit,
645 2203 675 2255 et
694 2214 797 2256 servus
815 2195 958 2257 hactenns
976 2206 1072 2277 paret:
1100 2207 1209 2262 cetera

171 2310 184 2351 a
199 2286 303 2347 domus
318 2285 414 2344 officia
428 2301 503 2344 uxor
517 2301 550 2343 ac
564 2282 650 2343 liberi
664 2293 874 2362 exsequuntur.
910 2285 1066 2347 verberare
1081 2303 1209 2350 servum

198 2393 232 2436 ac
252 2373 377 2435 vinculis
398 2379 429 2433 et
447 2389 536 2450 opere
555 2376 693 2432 coercere
712 2390 825 2433 rarum:
858 2374 993 2434 occidere
1014 2373 1121 2455 solent,
1142 2395 1209 2439 non

199 2463 352 2542 disciplina
367 2468 397 2523 et
410 2463 574 2540 severitate,
597 2460 649 2520 sed
663 2461 775 2539 impetu
790 2469 820 2522 et
832 2462 884 2542 ira,
907 2471 942 2523 ut
954 2465 1119 2542 inimicum,
1144 2469 1210 2527 nisi

198 2551 277 2630 qnod
292 2553 473 2630 impuneest.
497 2549 596 2610 liberti
605 2567 664 2609 non
679 2550 803 2610 multum
818 2568 909 2629 supra
924 2569 1024 2611 servos
1039 2560 1117 2630 sunt,
1134 2571 1208 2615 raro

199 2639 316 2716 aliquod
337 2645 519 2699 momentum
532 2639 564 2698 in
578 2637 677 2718 domo,
696 2656 855 2716 numquam
870 2641 901 2699 in
915 2640 1045 2720 civitate,
1069 2646 1208 2719 exceptis

158 2750 186 2790 ro
199 2727 350 2786 dumtaxat
363 2727 400 2785 iis
414 2726 551 2803 gentibus
566 2742 640 2804 quae
659 2734 828 2804 regnentur.
854 2726 896 2787 ibi
914 2729 992 2787 enim
1007 2735 1036 2788 et
1050 2744 1144 2805 super
1157 2733 1207 2791 in·

199 2831 310 2894 genuos
338 2821 368 2872 et
390 2831 479 2890 super
502 2811 615 2874 nobiles
639 2813 814 2876 ascendunt:
837 2815 914 2894 apud
938 2823 1053 2877 ceteros
1071 2818 1207 2895 impares

199 2901 332 2964 libertini
346 2900 491 2961 libertatis
506 2909 711 2979 argumentum
727 2910 804 2962 sunt.

269 3090 314 3158 24,
329 3097 345 3144 3
363 3090 446 3160 paret
465 3089 538 3158 014
556 3089 682 3142 mercede
703 3089 726 3145 0
743 3090 747 3157 l
768 3095 783 3144 5
803 3090 1010 3159 expectantium
1028 3090 1135 3160 Rern
1157 3093 1207 3149 de-

197 3160 316 3216 fecerint
335 3163 350 3216 b
366 3170 370 3228 1
388 3167 419 3214 12
439 3175 468 3240 se
488 3159 605 3228 quisque
624 3160 661 3214 H.
673 3159 773 3215 Sedete
789 3162 793 3228 Ι
808 3161 878 3227 25,1
895 3161 1051 3232 descriptis,
1065 3177 1113 3216 cm.
1124 3163 1207 3230 Reif-

197 3233 328 3300 ferscheid
343 3234 348 3301 1
364 3237 379 3285 2
394 3230 530 3285 mimatris
544 3230 606 3286 ΒΙ)ι
622 3233 626 3299 Ι
642 3237 658 3285 4
676 3231 719 3302 ut]
741 3231 770 3285 et
784 3231 806 3286 0
820 3234 824 3299 Ι
840 3237 855 3286 8
875 3231 982 3288 liberti.
994 3249 1112 3302 ,argum
1124 3237 1207 3307 sunt]

197 3304 262 3359 doec
280 3303 328 3358 Bb
344 3307 407 3371 post
425 3301 589 3371 ignorentur
609 3304 640 3372 (c.
660 3306 699 3358 26
717 3304 795 3368 ectr.)
814 3303 920 3370 habent,
939 3305 984 3358 sed
1003 3304 1019 3358 b
1037 3305 1081 3358 tic
1099 3321 1207 3375 quoquc

197 3375 229 3429 io
247 3389 332 3497 mgrp.
351 3373 430 3428 babet
448 3375 499 3429 bac
516 3379 582 3429 noto
600 3373 721 3428 adiecto:
739 3371 769 3424 in
787 3371 840 3426 hoc
858 3371 921 3427 loco
940 3372 1034 3444 potius
1055 3377 1059 3445 Ι
1087 3381 1118 3428 12
1139 3381 1207 3432 sunt

197 3460 247 3502 oto.
