2474 4068
286 219 379 273 DIAL.
399 219 446 274 DE
466 218 693 276 ORATORIBUS
712 226 807 276 8-10.
982 223 1047 287 283

44 385 178 430 memnon
192 375 244 429 aut
256 366 342 427 lason
356 366 467 426 diserte
481 363 636 444 loquitur?
651 369 718 446 quis
732 368 798 427 ideo
813 367 933 429 domum
947 369 1046 429 delen-

46 475 92 516 sus
107 463 136 515 et
150 455 207 516 tibi
219 454 365 532 obligatus
380 451 478 514 redit?
497 455 564 532 quis
580 453 708 514 Saleium
727 463 875 536 nostrum,
894 459 1046 534 egregium

45 551 156 622 poetam
176 542 235 624 rel,
258 543 284 602 si
301 542 358 603 hoc
376 542 622 602 honorificentius
641 550 699 623 est,
718 542 985 621 praeclarissimum
999 562 1046 604 va·

45 641 113 712 tem,
136 630 258 691 deducit
276 637 327 690 aut
345 629 452 691 salutat
470 637 520 690 aut
534 626 746 708 prosequitur?
764 648 870 708 nempe
889 633 915 690 si
933 632 1047 691 amicus
1061 657 1086 696 ro

45 722 113 798 eius,
133 720 158 778 si
177 719 371 798 propinquus,
391 719 417 776 si
436 717 563 795 denique
577 719 641 795 ipse
659 719 691 778 in
705 717 823 796 aliquod
837 719 989 796 negotium
1003 720 1046 780 iu·

44 807 159 886 ciderit,
178 805 213 865 ad
229 804 308 866 hunc
324 803 493 866 Secundum
508 813 644 866 recurret
658 805 757 866 autad
772 813 814 886 te,
828 805 968 884 Materne,
987 824 1046 866 non

45 897 107 971 quia
129 900 217 972 poeta
236 910 281 972 es,
300 899 445 970 nequent
458 909 512 970 pro
527 910 562 952 eo
577 911 681 953 versus
695 892 798 973 iacias,
816 892 849 953 hi
862 896 941 954 enim
955 893 1046 954 Basso

44 982 119 1042 domi
139 987 311 1060 nascuntur,
329 978 447 1057 pulchri
466 979 585 1058 quidem
604 988 634 1040 et
652 980 783 1060 iucundi,
803 998 929 1058 quorum
947 989 1046 1041 tamen

44 1069 87 1129 hic
111 1070 209 1129 exitus
232 1077 290 1148 est,
313 1075 347 1126 ut
370 1085 438 1127 cum
456 1073 519 1128 toto
538 1084 627 1147 anno,
650 1085 704 1146 per
723 1085 825 1128 omues
844 1067 920 1148 dies,
942 1085 1047 1146 magna
1061 1094 1086 1133 15

45 1159 173 1218 noctium
196 1161 280 1234 parte
303 1173 396 1216 uuum
413 1153 523 1215 librum
541 1155 661 1216 excudit
679 1162 709 1215 et
727 1154 923 1236 elucubravit,
941 1173 1046 1233 rogare

44 1245 118 1304 ultro
138 1251 169 1304 et
188 1242 299 1304 ambire
318 1251 449 1322 cogatur,
467 1249 501 1302 ut
518 1244 578 1302 sint
592 1244 644 1320 qui
658 1242 817 1320 dignentur
831 1243 942 1323 audire,
961 1250 991 1303 et
1009 1261 1046 1303 ne

44 1333 69 1392 id
85 1331 205 1411 quidem
220 1332 323 1411 gratis3
340 1348 408 1390 nam
423 1337 452 1390 et
465 1329 585 1390 domum
600 1338 752 1391 mutuatur
767 1338 796 1390 et
810 1330 988 1391 auditorium
999 1348 1046 1390 ex·

45 1422 131 1481 struit
146 1428 176 1479 et
190 1417 330 1479 subsellia
345 1417 484 1478 conducit
498 1425 528 1478 et
541 1416 656 1479 libellos
670 1419 821 1497 dispergit.
851 1426 880 1479 et
893 1427 927 1480 ut
941 1418 1046 1478 beatis·

45 1511 134 1569 simus
149 1507 353 1568 recitationem
368 1507 431 1566 eius
446 1513 570 1566 eventus
585 1515 791 1587 prosequatur,
810 1509 906 1567 omnis
920 1505 969 1567 illa
983 1506 1046 1566 lans
1061 1531 1086 1571 eo

44 1599 117 1656 intra
132 1612 226 1656 unum
240 1601 291 1654 aut
305 1594 430 1654 alterum
445 1593 531 1674 diem,
550 1593 631 1654 velut
648 1597 679 1654 in
697 1593 789 1654 herba
808 1594 855 1654 vel
872 1593 945 1654 tiore
963 1611 1046 1672 prae-

45 1691 157 1762 cerpte,
181 1681 217 1742 ad
241 1681 352 1742 nullam
370 1690 481 1742 certam
500 1689 530 1742 et
548 1681 671 1741 solidam
689 1683 824 1759 pervenit
843 1682 973 1761 frugem,
991 1699 1047 1741 nec

44 1780 90 1832 aut
104 1771 265 1832 amicitiam
278 1768 348 1830 inde
362 1769 455 1829 refert
469 1777 519 1829 aut
529 1767 695 1829 clientelam
704 1775 755 1828 aut
765 1786 937 1829 mansurum
946 1771 978 1828 in
987 1769 1047 1828 ani·

45 1877 88 1918 mo
111 1861 288 1937 cuiusquam
310 1856 500 1937 beneficium,
524 1857 576 1917 sed
599 1855 756 1917 clamorem
780 1874 885 1935 vagum
909 1864 939 1915 et
961 1873 1047 1916 voces

44 1949 144 2008 inanes
163 1955 193 2006 et
211 1944 350 2024 gaudium
369 1944 495 2005 volucre.
528 1943 709 2004 laudavimus
728 1962 823 2021 nuper
841 1951 875 2004 ut
892 1945 997 2004 miram
1016 1950 1045 2003 et
1060 1965 1086 2006 ro

43 2036 177 2096 eximiam
196 2033 367 2111 Vespasiani
384 2031 603 2112 liberalitatem,
627 2031 705 2110 quod
728 2034 888 2111 quingenta
911 2033 1047 2092 sestertia

44 2121 133 2182 Basso
148 2122 295 2182 donasset.
320 2120 478 2199 pulchrum
492 2119 522 2180 id
537 2120 665 2200 quidem,
678 2119 891 2199 indulgentiam
904 2121 1047 2198 principis

43 2211 160 2288 ingenio
181 2211 303 2269 mereri:
322 2215 431 2287 quanto
445 2216 544 2269 tamen
557 2208 725 2289 pulchrius,
740 2210 765 2268 si
779 2210 819 2269 ita
834 2226 883 2269 res
896 2206 1048 2268 familiaris

45 2301 153 2378 exigat,
173 2315 205 2357 sc
224 2299 321 2374 ipsum
336 2296 447 2377 colere,
470 2313 557 2356 suum
571 2299 689 2374 genium
703 2298 878 2374 propitiare,
902 2314 985 2356 suam
999 2313 1047 2355 ex·

45 2387 136 2462 periri
150 2382 368 2445 liberalitatem!
387 2383 470 2444 adice
489 2384 568 2462 quod
583 2386 692 2463 poetis,
712 2386 737 2444 si
755 2383 842 2444 modo
861 2382 984 2461 dignum
997 2381 1047 2442 ali·
1061 2403 1088 2445 eo

45 2473 112 2552 qnid
143 2472 294 2533 elaborare
321 2478 352 2531 et
369 2471 488 2532 efficere
511 2469 614 2551 velint,
645 2470 839 2549 relinquenda
862 2471 1047 2530 conversatio

45 2563 207 2622 amicorum
221 2565 251 2620 ct
264 2559 432 2620 iucunditas
447 2559 539 2638 urbis,
556 2557 718 2618 deserenda
732 2567 831 2618 cetera
845 2557 940 2617 cilicia
955 2566 1047 2635 utque

45 2651 100 2726 ipsi
119 2648 237 2728 dicunt,
254 2649 285 2707 in
304 2665 424 2707 nemora
445 2654 475 2707 ct
488 2646 580 2726 lucos,
598 2646 627 2706 id
648 2653 692 2706 est
710 2646 741 2706 iu
761 2645 948 2707 solitudinem
968 2663 1047 2707 secc-

45 2736 174 2797 deudum
189 2743 242 2795 est.

112 2821 162 2886 10,
180 2821 224 2883 Ne
238 2824 336 2900 opinio
351 2822 471 2900 quidem
484 2829 515 2882 et
532 2822 617 2902 lama,
636 2823 684 2882 cui
698 2821 753 2883 soli
768 2823 901 2883 serviunt
920 2829 950 2883 et
969 2822 1048 2901 quod

45 2930 137 2972 unum
152 2928 218 2971 esse
231 2910 361 2988 pretium
380 2911 475 2969 omnis
488 2908 598 2970 laboris
613 2912 660 2970 sui
678 2911 820 2991 latentur,
839 2929 932 2990 aeque
946 2917 1048 2987 poetas

45 3017 132 3078 qtram
139 3005 273 3060 oratores
281 2998 425 3077 sequitur,
436 2999 574 3075 quoniam
582 2998 741 3059 mediocris
750 3005 852 3077 poetas
862 3015 948 3059 nemo
958 2998 1048 3076 novit,

112 3185 141 3253 o,
157 3189 189 3239 11
209 3183 281 3252 eius]
300 3183 344 3237 ese
359 3183 409 3240 nc
425 3185 429 3249 ι
447 3189 479 3239 12
499 3151 627 3238 edomet
643 3183 670 3238 r.
686 3182 736 3238 rr.
754 3179 1049 3248 manutentorem

45 3256 91 3310 Bb
117 3255 122 3324 Ι
146 3260 179 3310 ut
199 3255 365 3324 praecerptc
382 3253 485 3310 Sedete:
512 3254 663 3323 praecepta
682 3253 744 3320 OF,
762 3252 896 3323 percepta
913 3253 962 3307 Bb
984 3254 989 3319 Ι
1014 3257 1048 3306 29

45 3324 157 3393 genium
175 3325 301 3394 Lepsiue:
320 3322 465 3417 ingenipm
481 3327 485 3392 Ι
501 3330 535 3379 80
553 3321 757 3388 hlrerelitatem
772 3325 854 3405 iderm
872 3321 1035 3406 libertatem
1043 3321 1046 3392 l

45 3397 183 3537 timii}
202 3392 422 3536 (ἓέῗὶῗέαἶῷῗ
430 3416 441 3535 i
450 3394 720 3546 ,indidit
729 3392 1049 3534 stoliditatis

47 3535 107 3604 OF,
126 3552 178 3592 oro.
196 3535 213 3592 b
229 3535 234 3606 Ι
250 3549 338 3603 aeque
358 3535 437 3604 Pete
457 3537 541 3604 etque
556 3536 561 3607 Ι
577 3541 593 3590 8
611 3536 769 3603 mseqmtur
786 3535 848 3592 13¹1>
