2474 4068
177 153 243 216 252
531 149 699 205 CORNELII
716 150 834 207 TAOI'H

178 307 208 360 et
222 296 333 359 similes
348 305 430 378 sunt,
454 316 506 359 seu
525 298 651 360 durante
670 300 792 376 originis
806 300 848 379 vi,
869 316 922 358 seu
936 297 1186 375 procurrentibus

178 389 210 448 in
228 387 345 447 diversa
362 388 452 447 terris
465 387 573 465 positio
588 378 663 447 caeli
681 384 855 463 corporibus
873 384 1008 446 habitum
1026 385 1116 446 dedit.
1153 389 1185 447 in

140 497 165 537 ro
179 477 351 537 universum
375 481 473 536 tamen
496 475 663 535 aestimanti
686 469 783 533 Gallo's
806 475 932 534 vicinam
951 473 1078 534 insulam
1097 493 1185 535 occu·

178 581 265 642 passe
279 562 421 623 credibile
435 570 488 622 est
508 579 610 622 eorum
625 579 707 622 sacra
721 561 925 640 deprehendas
937 563 1185 639 superstitionum

179 652 384 731 persuasiono3
408 667 505 711 sermo
525 649 602 709 haud
627 648 752 710 multum
771 649 920 729 diversus,
939 650 970 708 in
988 649 1185 726 deposcendis
1230 683 1231 696 1

178 738 321 820 periculis
344 737 446 800 eadem
469 737 589 798 audacia
609 746 651 817 et,
678 736 730 798 ubi
749 735 906 817 advenere,
929 737 960 797 in
984 736 1185 798 detrectandis

180 826 282 887 eadem
296 825 431 885 iormido.
466 825 534 904 plus
549 832 646 885 tamen
661 825 787 885 ferociae
801 824 936 884 Britanni
950 824 1134 905 praeierunt,
1153 835 1187 885 ut

140 935 166 977 rc
181 931 256 993 quos
279 912 411 973 nondum
429 912 514 991 longa
533 930 589 991 pax
610 911 774 975 emollierit.
814 930 882 973 nam
901 911 998 972 Gallos
1017 930 1134 992 quoque
1154 915 1186 973 in

180 1001 265 1062 bellis
288 1000 425 1061 iloruisse
448 1002 630 1080 accepimus;
652 1018 719 1060 mox
742 1001 867 1078 segnitia
890 1017 958 1061 cum
977 1003 1037 1060 otio
1056 1002 1187 1080 intravit,

181 1091 288 1150 amissa
306 1090 416 1149 virtute
434 1091 546 1166 pariter
563 1106 598 1149 ac
616 1086 761 1148 libertate.
791 1087 870 1166 quod
886 1087 1096 1150 Britannorum
1115 1088 1187 1149 olim

180 1179 267 1239 victis
281 1178 393 1237 evenit:
408 1177 500 1237 ceteri
514 1183 635 1236 manent
649 1174 750 1254 quales
764 1173 839 1236 Galli
852 1175 981 1236 luerunt.

250 1262 299 1326 12.
323 1263 356 1326 ln
374 1263 474 1343 pedite
496 1262 604 1344 robur;
628 1263 771 1343 quaedam
788 1264 924 1324 nationes
942 1273 972 1326 et
990 1282 1080 1326 curru
1100 1283 1188 1344 proe-

181 1353 299 1414 liantur.
320 1351 474 1412 honestior
488 1353 599 1432 auriga,
613 1351 735 1412 clientes
749 1359 945 1429 propugnant.
980 1351 1049 1412 olim
1063 1353 1188 1430 regibus

181 1438 332 1520 parebant,
348 1457 427 1500 nunc
441 1456 496 1518 per
509 1441 659 1518 principes
674 1437 851 1500 lactionffius
863 1448 893 1499 et
902 1439 1009 1500 studiis
1018 1439 1187 1502 distrahim-
1233 1489 1234 1496 ,

181 1536 240 1589 tur.
275 1545 331 1587 nec
346 1526 425 1588 aliud
439 1527 580 1588 adversus
595 1527 787 1587 validissimas
804 1528 901 1603 gentis
914 1544 969 1605 pro
983 1525 1068 1588 nobis
1083 1527 1188 1589 utilius

155 1633 270 1695 squam
289 1615 368 1694 quod
388 1616 419 1674 in
437 1633 592 1676 commune
607 1633 667 1675 non
685 1613 853 1676 consulunt.
893 1631 980 1675 rarus
1001 1613 1116 1676 duabus
1135 1619 1188 1677 tri·

181 1703 274 1765 busre
289 1701 457 1763 civitatibus
471 1703 507 1762 ad
521 1703 753 1781 propulsandum
768 1719 923 1763 commune
938 1703 1103 1780 periculum
1118 1722 1188 1765 con·

182 1800 301 1852 ventus:
316 1793 356 1851 ita
371 1790 479 1870 singuli
492 1799 634 1870 pugnant,
648 1792 779 1851 universi
793 1792 961 1853 vincuntur.
994 1790 1108 1852 caelum
1123 1810 1188 1854 cre·

181 1879 245 1940 bris
263 1877 408 1940 imbribus
428 1897 462 1939 ac
479 1877 597 1940 nebulis
615 1877 747 1958 ioedum3
766 1881 910 1957 asperitas
928 1879 1072 1958 lrigorum
1096 1880 1188 1942 abest.

182 1968 299 2029 dierum
313 1969 406 2045 spatia
419 1966 497 2027 ultra
512 1968 606 2028 nostri
620 1965 702 2027 orbis
720 1984 902 2047 mensuram;
925 1985 983 2027 nox
998 1967 1076 2028 clara
1094 1977 1126 2029 et
1140 1987 1189 2030 ex·
1235 1981 1236 1986 ’

142 2076 169 2116 ro
183 2064 276 2117 trema
290 2054 459 2115 Britanniae
477 2061 562 2132 parto
580 2053 687 2134 brevis,
711 2062 744 2115 ut
762 2055 850 2115 linem
869 2063 957 2132 atque
975 2057 1093 2116 initium
1112 2055 1190 2118 lucis

183 2146 289 2221 exiguo
308 2142 479 2203 discrimine
497 2143 689 2206 internoscas.
727 2142 806 2220 quod
826 2141 960 2203 sinubus
975 2161 1034 2204 non
1048 2144 1189 2226 officiant,

183 2232 275 2308 aspici
289 2246 344 2308 per
357 2236 474 2290 noctem
489 2227 559 2289 solis
574 2229 732 2311 fulgorem,
753 2247 808 2290 nec
823 2230 959 2291 occidere
974 2239 1004 2292 et
1018 2249 1189 2313 exsurgere,

183 2318 236 2379 sed
255 2319 382 2378 transire
404 2317 568 2378 adfirmant.
608 2317 723 2378 scilicet
743 2325 875 2378 extrema
893 2326 924 2380 et
941 2318 1026 2398 plana
1042 2327 1189 2382 terrarum

183 2405 289 2468 humili
306 2404 413 2466 umbro
431 2422 490 2465 non
510 2407 628 2483 erigunt
645 2404 792 2485 tenebras,
816 2406 952 2485 infraque
970 2406 1083 2468 caelum
1102 2419 1133 2468 et
1152 2412 1190 2469 si·

143 2494 255 2557 rudera
278 2512 336 2555 nor
359 2494 445 2554 cadit.
481 2492 577 2554 solum
608 2500 727 2573 praeter
749 2494 842 2554 oleam
866 2496 1014 2573 vitemque
1042 2503 1072 2555 et
1090 2505 1190 2556 cetera

184 2581 374 2646 calidioribus
401 2581 491 2642 terris
518 2582 592 2642 oriri
618 2589 702 2642 sueta
728 2583 844 2660 patiens
862 2582 993 2662 irugum,
1017 2583 1190 2645 secundum:

255 2767 331 2835 11‚s
350 2767 378 2821 vi
397 2767 560 2824 Rhenanus:
579 2783 632 2822 usu
656 2770 661 2836 Ι
687 2775 719 2823 10
738 2767 862 2850 gatimeti
879 2768 907 2822 A
923 2769 928 2837 Ι
947 2775 978 2822 10
996 2769 1190 2839 persuasiones

184 2838 288 2894 omino
314 2837 442 2905 Wolcbia',
473 2837 682 2906 persuasionem
704 2838 804 2906 Baiter,
835 2838 898 2908 pari
926 2854 984 2908 sup.
1007 2839 1190 2908 persuasione

184 2908 311 2964 Heraeus
338 2910 343 2977 Ι
374 2914 407 2962 10
426 2907 616 2962 detrectandis
635 2924 668 2962 ea
686 2907 806 2963 formido
823 2910 851 2962 B
876 2913 881 2979 Ι
912 2914 945 2964 14
962 2925 1030 2978 prae
1049 2925 1078 2963 se
1097 2909 1191 2964 ierunt

185 2979 335 3033 Hullemon
368 2979 373 3045 Ι
408 2979 453 3044 12,
470 2986 483 3033 1
503 2978 533 3031 in
551 2977 645 3046 equite
663 2980 727 3034 oiim
750 2978 868 3047 Urlichs,
887 2981 950 3034 item
968 2980 1075 3060 Nipper
1148 2985 1190 3050 13

185 3048 379 3103 distrahuntur
397 3048 542 3104 Hunno:
562 3049 710 3103 trahunlur
725 3051 730 3117 Ι
746 3057 763 3104 4
781 3053 879 3118 gentes
898 3052 925 3104 A
941 3053 946 3119 Ι
963 3048 1085 3120 [uiihus]
1135 3067 1168 3104 ec
1185 3050 1190 3121 Ι

185 3126 201 3174 5
221 3119 367 3187 tribusque
385 3119 414 3174 A
438 3123 443 3189 Ι
467 3124 484 3174 0
503 3134 653 3174 consensus
672 3120 787 3189 Lipsius
803 3122 808 3188 Ι
829 3127 845 3174 't
864 3119 907 3175 iic
924 3120 988 3173 dum
1009 3118 1113 3190 singuli
1133 3121 1192 3175 Pro-

185 3191 309 3246 tcolcnua
333 3191 338 3258 Ι
365 3188 474 3245 coelum
496 3205 580 3260 usque
597 3191 636 3246 cd
652 3191 733 3258 fierem
751 3207 811 3259 cop.
830 3194 867 3247 12
886 3190 1079 3258 Reifferscheid
1096 3195 1122 3245 et
1140 3191 1194 3246 alii

184 3262 257 3316 ister
285 3266 430 3316 eudemum
458 3276 516 3330 cup.
537 3264 573 3315 10
599 3265 624 3314 et
651 3262 763 3314 initium
787 3276 847 3328 cop.
867 3265 900 3316 11
928 3266 1129 3331 componun&
1156 3263 1192 3328 cf.

184 3332 266 3386 etiam
284 3329 322 3383 Η.
343 3330 444 3386 Scholia
461 3333 494 3386 ia
511 3331 586 3385 Aua.
602 3331 672 3399 plait.
691 3334 765 3385 1881
783 3347 811 3398 p.
830 3335 885 3386 271
902 3331 907 3398 Ι
928 3337 944 3386 8
963 3329 1057 3401 obesi]
1076 3331 1120 3385 esi
1137 3330 1166 3384 B
1187 3341 1191 3413 Ι

185 3406 218 3456 10
236 3402 317 3470 parte
335 3399 404 3454 Brit.
425 3402 453 3454 B
478 3404 483 3468 Ι
509 3407 542 3454 12
560 3416 612 3454 nec
632 3415 764 3468 exurgere
782 3400 810 3454 B
829 3403 835 3471 Ι
856 3407 888 3456 16
907 3416 1054 3470 pomomm
1071 3401 1197 3480 petiens,

182 3471 295 3540 frugum
312 3469 331 3527 f.
350 3470 441 3527 Ritter
456 3473 460 3541 Ι
477 3469 650 3541 [iocundum]
669 3469 783 3537 Sebeffer
