2474 4068
355 171 569 228 GERMANIAF.
587 179 701 228 ea-ro.
962 173 1026 238 233

88 319 141 382 26.
157 320 272 382 Faenus
287 322 397 399 agitare
412 328 441 381 et
455 322 486 380 in
500 337 607 381 usuras
621 321 779 381 extendere
789 322 934 402 ignotum3
948 320 1027 382 ideo·

17 428 80 490 que
100 411 195 488 magis
214 417 348 470 servatur
370 427 457 487 quam
472 410 498 468 si
512 410 635 469 vetitum
650 416 736 469 esset.
760 411 822 486 agri
832 426 888 487 pro
903 427 1026 469 numero

17 499 173 559 stultorum
192 497 228 557 ab
248 499 393 558 universis
418 495 525 574 [vices]
546 503 742 577 ocorrpantur,
765 514 838 574 quos
861 515 928 556 mox
950 499 1028 557 inter

17 605 53 647 se
79 585 245 646 secundum
268 585 467 664 dignationem
487 586 671 665 partiuntur3
695 583 863 645 facilitatem
881 585 1029 663 partiendi

19 692 197 754 camporum
217 673 310 753 spatia
329 680 487 752 praestant.
523 691 591 733 arva
611 690 665 750 per
685 690 776 732 annos
790 680 918 752 mutant,
938 680 968 732 et
982 691 1055 737 stt-e

19 769 127 841 penest
141 779 219 840 ager.
233 779 289 822 nec
303 763 381 821 enim
396 779 463 821 cum
477 759 612 822 ubertate
626 768 655 821 et
665 760 855 839 amplitudine
866 761 921 821 soli
930 759 1030 820 labore

19 851 218 928 contendunt,
232 856 265 909 ut
279 851 409 928 pomaria
423 857 580 910 conserant
594 856 624 909 et
637 856 720 928 prata
735 857 872 927 separent
886 857 916 910 et
927 849 1029 910 hortos

19 942 137 1017 rigent:
161 937 221 998 sola
246 945 341 998 terrae
365 953 449 1014 seges
472 939 642 1016 imperatur.
684 937 762 999 unde
781 954 889 998 annum
912 954 1030 1016 quoquo

19 1031 124 1106 ipsum
138 1043 198 1087 non
212 1027 243 1086 in
257 1024 380 1086 totidem
394 1025 533 1103 digerunt
545 1026 673 1104 species:
688 1024 783 1084 hiems
795 1031 825 1084 et
835 1042 886 1085 rer
896 1032 925 1084 ct
934 1034 1029 1085 aestas

20 1114 209 1176 intellectum
227 1131 261 1174 ac
280 1111 421 1175 vocabula
441 1113 562 1192 habent,
582 1115 715 1173 autumni
734 1112 856 1191 perinde
875 1130 982 1174 nomen
996 1131 1029 1173 ac
1044 1141 1070 1180 10

23 1205 104 1265 bona
118 1205 300 1282 ignorantur.

92 1289 144 1352 ut.
159 1291 308 1351 Funerum
323 1288 403 1351 nulla
417 1288 550 1350 ambitio:
565 1288 595 1349 id
610 1288 705 1350 solnm
722 1288 904 1370 observatur,
918 1297 952 1349 ut
966 1308 1030 1350 cor·

7 1397 98 1459 ·pora
121 1379 267 1439 clarorum
282 1379 413 1438 virorum
428 1380 517 1439 certis
532 1377 619 1456 lignis
633 1385 811 1439 crementur.
839 1385 951 1438 struem
966 1380 1030 1457 rogi

21 1487 81 1528 nco
95 1467 229 1527 restibus
244 1484 298 1527 nec
312 1465 454 1526 odoribus
474 1465 638 1526 cumulant:
657 1483 710 1526 sua
724 1467 831 1545 cuique
846 1483 938 1545 arma,
958 1484 1029 1545 quo·

21 1555 151 1618 rundam
165 1556 227 1633 igni
241 1563 271 1615 et
280 1571 374 1633 equus
384 1553 518 1616 adicitur.
535 1553 706 1633 sepulcrum
720 1571 840 1632 caespes
855 1555 955 1632 erigit:
969 1572 1029 1614 mo-

21 1652 236 1705 numentorum
254 1642 380 1702 arduum
398 1651 429 1702 et
447 1660 605 1721 operosum
628 1641 770 1702 honorem
791 1649 825 1701 ut
843 1658 960 1719 gravem
980 1641 1056 1709 dee

23 1734 137 1794 iunctis
156 1737 359 1810 aspernantur.
383 1729 508 1791 lamenta
533 1748 567 1790 aa
590 1729 725 1790 lacrimas
748 1731 823 1808 cito,
846 1728 978 1788 dolorem
1000 1736 1030 1788 et

23 1821 177 1882 tristitiam
197 1819 278 1880 tarde
297 1825 419 1897 ponunt.
456 1818 573 1878 leminis
592 1817 693 1895 lugere
712 1817 868 1876 honestum
886 1824 940 1897 est,
959 1817 1029 1877 viris

26 1910 207 1970 meminisse.

88 1995 168 2057 Haec
189 1998 221 2056 in
244 2013 399 2056 commune
422 1994 459 2054 de
482 1994 614 2053 omnium
633 1991 847 2054 Germanorum
865 1994 979 2072 origiue
996 2011 1030 2054 ac

24 2084 159 2147 moribus
174 2085 354 2163 accepimus:
368 2100 448 2144 nuno
462 2081 644 2160 singularum
655 2082 787 2159 gentium
797 2082 932 2143 instituta
942 2083 1029 2143 ritus·
1045 2107 1070 2149 ro

26 2192 99 2253 que,
115 2180 260 2252 quatenus
274 2171 419 2249 differant,
434 2187 568 2249 quaeque
582 2171 716 2230 nationes
730 2169 910 2230 eGermania
921 2173 953 2231 in
967 2169 1030 2231 Gal·

31 2263 86 2322 lias
102 2261 366 2338 commigraverint,
381 2258 541 2336 expediam.

94 2346 146 2410 28.
160 2347 321 2408 Validiores
336 2347 404 2407 olim
414 2346 562 2407 Gallorum
574 2364 622 2407 res
633 2347 723 2406 luisse
734 2364 866 2406 summus
876 2354 1031 2406 auctorum

27 2438 114 2499 dirus
132 2435 224 2498 lulius
243 2436 346 2516 tradit3
365 2453 459 2514 enque
480 2433 620 2495 credibile
636 2441 681 2494 est
699 2435 785 2493 etiam
805 2431 902 2492 Gallos
915 2435 946 2492 in
961 2432 1031 2494 Ger·

27 2527 155 2588 maniam
173 2532 386 2604 transgressos:
411 2520 584 2603 quantulum
608 2524 685 2582 enim
704 2523 798 2581 amnis
817 2519 952 2580 obstabat
972 2538 1030 2599 quo

26 2617 141 2694 minus,
154 2620 188 2674 ut
202 2630 336 2692 quaeque
351 2628 422 2690 gens
437 2609 596 2691 evaluerat,
618 2616 776 2688 occuparet
788 2611 1030 2689 permutaretque

27 2702 115 2764 sedes
133 2703 315 2780 promiscuas
336 2699 432 2759 adhuc
446 2707 477 2759 et
490 2697 569 2759 nulla
583 2715 741 2776 regnorum
756 2699 887 2776 potentia
901 2695 1030 2760 divisas?
1044 2722 1057 2764 s
1149 2757 1159 2778 ,

27 2793 119 2870 igitur
133 2792 211 2850 inter
224 2787 400 2868 Hercyniam
415 2787 516 2847 silvam
531 2786 725 2865 Rhenumque
740 2795 770 2848 ct
780 2786 916 2848 Moenum
928 2805 1029 2849 amnes

98 2941 143 3010 26,
160 2947 174 2995 1
193 2939 410 3010 ignominiosum
429 2939 557 2995 1111010010
573 2942 609 3008 11
629 2940 792 2994 aversantur
808 2939 970 3006 Salmasius,
989 2939 1030 2992 vi-

28 3015 103 3067 tatur
122 3011 213 3067 Rittar
232 3015 237 3082 1
257 3018 273 3066 3
292 3009 367 3065 uices
388 3010 420 3077 O,
439 3009 469 3064 in
487 3009 563 3064 uicos
581 3011 621 3077 Β,
641 3010 760 3064 inuicem
779 3012 807 3076 b,
825 3008 895 3062 uicis
914 3009 951 3066 al.
970 3011 1030 3076 (per
1051 3036 1056 3041 ·

26 3085 102 3138 vicos
122 3083 251 3149 Plataea,
269 3097 319 3136 aas
336 3081 505 3149 inclusimus)
521 3084 558 3150 15
596 3082 722 3134 raestant
739 3081 766 3134 B
777 3079 808 3134 0:
827 3078 963 3147 praebent
981 3079 1031 3132 bet

28 3155 55 3208 B
73 3171 94 3208 s.
115 3155 132 3209 l.
154 3155 158 3221 1
183 3152 346 3207 elaborare
365 3151 394 3206 b¹
412 3157 436 3206 at
454 3167 548 3220 margo
617 3154 622 3218 1
647 3151 713 3205 aut
731 3147 827 3203 hortos
845 3148 915 3214 Bb1‚
935 3148 984 3200 aut
1001 3147 1029 3200 h.

27 3225 186 3295 Nipperdey
201 3225 205 3292 1
221 3223 292 3289 cru
313 3221 462 3276 obserunnt
480 3223 496 3276 b
517 3228 520 3288 1
543 3227 574 3274 11
595 3234 720 3287 quaeque
739 3234 800 3274 aas:
819 3233 890 3285 quae
910 3220 1024 3287 (quae.

28 3293 275 3364 commigraverint
291 3294 404 3350 inclusit
420 3292 612 3360 Reifferscheid
630 3295 739 3344 auctore
756 3288 936 3355 Haiatsaetho)
957 3292 961 3356 1
981 3305 1030 3344 na·

27 3366 118 3421 tiones
138 3381 152 3420 e
171 3363 271 3420 Galliis
289 3364 319 3418 in
337 3357 562 3430 Germaniam‚'e
580 3359 729 3415 Germania
747 3358 929 3484 11111001ᾱῆ1
953 3359 1027 3426 aar

28 3438 108 3492 autor
126 3437 174 3491 Bb
203 3438 207 3506 1
237 3442 252 3490 6
276 3434 364 3506 igitar
382 3436 518 3503 quantum
536 3431 597 3504 agri
615 3429 767 3502 porrigitur
784 3429 858 3483 inter

29 3505 185 3576 bircyniam
203 3505 265 3561 Βὸι

915 3431 1004 3499 aaran
1024 3431 1028 3502 1
