2474 4068
365 204 569 260 AGRICOLAE
590 212 701 261 1c-1o.
962 209 1026 273 257

22 352 130 410 ceteris
144 349 221 430 lore,
235 349 351 411 Monam
365 350 504 432 insulam,
519 371 538 412 o
558 355 643 414 cuius
657 356 843 431 possessione
857 363 1027 416 revocatum

23 437 178 498 Paulinum
192 437 353 499 rebellione
368 441 458 499 totius
477 439 645 501 Britanniae
660 445 935 523 supramemoravi,
950 444 1027 503 redi·

23 543 92 602 gere
114 527 145 585 in
161 533 337 603 potestatem
355 528 453 586 animo
468 526 603 588 intendit.
636 527 688 588 scd
707 538 742 589 ut
760 531 791 589 in
810 528 916 590 subitis
931 533 1026 591 consi·

24 613 68 672 liis
88 631 179 672 naves
198 613 334 674 deerant:
358 615 433 674 ratio
452 621 482 674 et
497 617 661 676 constantia
675 616 760 676 ducis
774 619 944 678 transvexit.
977 619 1025 678 de·
1041 649 1068 688 ιο

23 702 126 778 positis
140 699 278 761 omnibus
293 703 417 761 sarcinis
431 701 606 762 lectissimos
621 703 820 782 auxiliarium,
836 704 944 784 quihus
958 712 1027 766 nota

23 788 93 847 vada
108 795 139 848 et
152 790 265 867 patrius
276 789 366 849 nandi
380 806 460 868 usus,
475 807 533 868 quo
549 790 636 851 simul
651 809 741 870 seque
757 799 787 852 et
800 810 880 852 arma
895 799 1027 872 etequos

24 883 139 956 regunt,
163 877 204 936 ita
217 884 340 953 repente
353 878 475 957 inmisit,
499 884 532 937 ut
546 876 743 957 obstupefacti
756 878 866 960 hostes,
890 883 941 958 qui
955 881 1026 942 clas-

24 981 92 1042 sem,
109 964 161 1042 qui
174 965 269 1042 navis,
293 965 344 1042 qui
357 982 438 1024 mare
453 963 659 1046 expectabant,
685 966 760 1027 nihil
775 966 901 1027 arduum
919 975 969 1028 aut
983 970 1026 1029 in-

24 1053 134 1111 victum
148 1050 330 1111 crediderint
344 1053 387 1112 sic
401 1051 437 1112 ad
456 1051 566 1113 bellum
580 1053 773 1114 venientibus.
793 1056 834 1113 ita
847 1056 940 1132 petita
954 1073 1026 1132 pace
1040 1081 1066 1122 rs

24 1158 55 1198 ac
74 1138 176 1198 dedita
199 1137 295 1198 insula
314 1138 412 1199 clarus
430 1157 465 1200 ac
483 1157 607 1217 magnus
625 1140 729 1201 haberi
746 1141 895 1222 Agricola,
918 1145 1027 1220 qnippe

25 1229 70 1286 cui
84 1225 265 1304 ingredienti
279 1229 474 1307 provinciam,
502 1226 581 1305 quod
595 1235 713 1306 tempus
727 1228 777 1288 alii
790 1247 845 1308 per
859 1232 1027 1290 ostentatio-

25 1333 89 1375 nem
110 1322 139 1375 et
158 1313 324 1374 officiorum
347 1313 491 1374 ambitum
510 1317 689 1397 transigunt,
717 1315 799 1377 labor
818 1325 849 1377 et
863 1317 1028 1395 periculum

25 1402 192 1480 placuisset.
234 1419 289 1462 nee
316 1401 451 1481 Agricola
474 1405 670 1481 prosperitate
693 1422 794 1465 rernm
816 1406 848 1464 in
870 1407 1028 1466 vanitatem

25 1508 105 1570 usus,
124 1489 341 1568 expeditionem
356 1498 407 1550 aut
420 1492 572 1550 victoriam
587 1491 708 1552 vocabat
721 1494 814 1553 victos
829 1495 1029 1574 continuisse3
1042 1519 1069 1560 co

25 1596 59 1637 ne
78 1578 218 1638 laureatis
238 1576 357 1657 quidem
375 1585 457 1656 gesta
476 1587 652 1657 prosecutus
667 1586 724 1659 est,
749 1580 800 1640 sed
815 1582 878 1658 ipsa
892 1580 1028 1641 dissimu-

25 1664 132 1735 latione
153 1666 246 1726 lamae
265 1665 371 1726 lamam
389 1667 479 1746 auxit,
503 1666 726 1727 aestimantibus
746 1674 854 1746 quanta
868 1667 963 1728 futuri
976 1685 1028 1747 spe

27 1761 82 1813 tam
97 1771 202 1832 magna
211 1754 360 1814 tacuisset.

93 1839 142 1902 19.
171 1839 309 1900 Ceterum
334 1842 499 1901 animorum
522 1842 689 1919 provinciae
713 1841 853 1921 prudens,
882 1837 1036 1920 simulque

26 1929 129 1989 doctus
148 1945 203 2006 per
221 1927 314 1988 aliena
332 1930 534 2007 experimenta
551 1946 657 2006 parum
670 1928 775 2007 profici
788 1930 890 2009 armis,
914 1931 940 1988 si
954 1931 1029 1991 iniu-

26 2020 85 2077 riae
109 2025 319 2095 sequerentur,
347 2034 451 2077 causas
478 2015 623 2077 bellorum
651 2018 754 2077 statuit
776 2017 921 2077 excidere.
957 2035 1029 2078 ase

27 2107 147 2183 suisque
166 2121 252 2164 orsus
271 2105 401 2182 primum
420 2103 539 2164 domum
561 2122 645 2164 suam
663 2106 809 2186 coercuit,
833 2104 911 2184 quod
925 2104 1029 2184 pleris-

27 2211 82 2271 que
101 2192 181 2252 haud
198 2193 297 2251 minus
316 2191 441 2252 arduum
456 2199 501 2251 est
516 2210 603 2271 quam
617 2194 797 2271 provinciam
811 2211 923 2272 regere.
955 2193 1029 2253 nihil
1043 2217 1056 2258 ι

27 2299 78 2358 per
99 2279 222 2340 libertos
237 2297 397 2358 servosque
411 2278 546 2358 publicae
561 2283 618 2358 rei,
637 2298 696 2341 non
711 2280 817 2341 studiis
832 2282 952 2359 privatis
973 2300 1028 2341 nec

28 2387 60 2427 ex
75 2366 330 2428 commendatione
345 2374 395 2428 ant
408 2366 547 2446 precibus
558 2370 762 2428 centurionem
771 2367 915 2428 militesve
926 2370 1030 2450 ascire,

28 2456 76 2516 sed
92 2457 237 2534 optimum
252 2473 399 2534 quemque
418 2455 594 2515 fidissimum
612 2462 725 2534 putare.
750 2457 847 2515 omnia
866 2451 951 2534 scire,
970 2472 1030 2515 non

28 2547 123 2604 omnia
143 2545 272 2622 exsequi.
296 2545 394 2621 parvis
412 2544 542 2622 peccatis
560 2545 688 2622 veniam,
711 2543 825 2620 magnis
844 2544 1030 2602 severitatem

28 2630 227 2711 commodare;
255 2649 310 2691 nec
337 2649 432 2708 poena
460 2648 589 2710 semper,
622 2630 673 2689 sed
706 2632 823 2708 saepius
850 2631 1029 2708 paenitentia
1044 2655 1070 2695 ro

28 2726 185 2781 contentus
205 2735 286 2798 esse;
301 2719 406 2779 officiis
421 2727 451 2778 et
460 2718 761 2779 administrationibus
776 2720 874 2796 potius
888 2736 948 2778 non
962 2737 1029 2797 pec-

28 2817 145 2869 caturos
168 2824 363 2886 praeponere,
387 2824 474 2885 quam
498 2805 636 2866 damnare
659 2824 727 2866 cum
751 2814 933 2886 peccassent.
970 2808 1031 2868 irn-

28 2899 119 2957 menti
129 2902 159 2955 et
167 2893 346 2955 tributorum
358 2896 540 2954 exactionem
548 2893 723 2973 aequalitate
736 2913 894 2956 munerum
907 2889 1031 2974 mollire,

98 3029 148 3097 18,
165 3036 197 3084 17
222 3045 240 3082 e
263 3029 327 3084 add.
345 3029 495 3097 Bipootv‘on'
523 3029 527 3095 Ι
559 3034 590 3082 19
611 3027 710 3081 subitis
729 3027 773 3083 Jo.
792 3027 843 3082 Fr.
864 3027 1031 3084 Gvooooios:

27 3099 120 3155 dubiis
137 3103 191 3168 120
209 3100 328 3153 branuc}
345 3099 385 3165 A,
403 3100 515 3152 trenaro
534 3100 612 3152 extra
629 3098 657 3150 B
673 3101 677 3166 Ι
694 3103 727 3151 21
747 3095 848 3163 quibus
868 3097 948 3150 sueba
967 3098 1031 3152 Gor-

27 3174 142 3226 nelissen
158 3173 162 3238 Ι
179 3175 212 3224 22
231 3167 311 3238 prins
330 3169 369 3222 A:
387 3167 464 3237 prius
482 3170 510 3222 B
530 3167 667 3238 (proprius
692 3167 771 3232 Wcoe)
788 3169 792 3235 Ι
814 3173 848 3247 ab
866 3165 959 3247 potita
976 3167 1004 3221 B
1025 3168 1039 3240 Ι·

28 3248 61 3295 30
81 3241 160 3312 usus]
175 3256 271 3294 versus
282 3239 451 3294 Cornelissen
467 3240 471 3307 Ι
487 3245 519 3293 31
530 3255 565 3293 ne
575 3242 614 3292 A:
629 3237 717 3291 neoB
733 3238 736 3304 Ι
753 3237 820 3302 len
837 3253 970 3305 mennae,
984 3255 1031 3293 evo.

30 3312 199 3367 Puteolanus
244 3317 259 3364 3
280 3309 426 3364 excindere
443 3310 534 3364 Aldus
554 3310 558 3377 Ι
578 3315 595 3362 4
612 3307 732 3376 primam
750 3307 777 3359 A
793 3310 797 3376 Ι
815 3315 830 3362 6
847 3306 965 3376 liberos,
984 3326 1031 3363 em.

28 3383 195 3438 Puteolanos
249 3387 264 3434 ‘l
283 3379 422 3434 militesve
442 3378 530 3433 occire
552 3379 632 3433 Weo:
651 3377 755 3430 mihies
774 3377 880 3432 nescire
906 3381 909 3448 Ι
937 3384 969 3432 10
988 3395 1032 3433 oo-

29 3452 204 3507 eommodare
223 3451 315 3508 notor
339 3453 343 3519 Ι
370 3457 401 3504 13
421 3449 580 3504 auctionem
598 3450 634 3516 A,
653 3450 698 3502 sed
716 3463 784 3504 corr.
804 3449 835 3502 io
852 3466 937 3520 marq.
962 3452 966 3520 Ι
990 3449 1032 3504 in·

28 3521 210 3592 aequalilate,
229 3538 276 3578 em.
298 3522 466 3578 Puteolanos
485 3517 637 3589 (aequitate
658 3519 796 3586 Munus)

80 3619 186 3661 ‘raom
199 3619 274 3662 PARS
287 3621 313 3661 11
840 3613 873 3660 l'l
