2474 4068
263 211 356 266 DIAL.
373 212 422 266 Du
441 208 667 269 ORATORIBUS
687 220 764 270 6—8.
956 214 1018 278 281

20 377 105 420 novus
125 366 159 418 et
176 361 340 420 incivitate
357 360 477 420 minime
491 360 643 421 favorabili
661 370 748 421 natus
768 368 955 439 quaesturam
970 369 1021 422 aut

22 447 199 506 tribunatum
213 455 264 506 aaut
277 454 447 524 praeturam
461 449 570 526 accepi,
585 466 672 525 quam
687 466 746 528 eos,
762 447 870 526 quibus
884 448 956 508 mihi
965 466 1020 526 pro

22 535 217 595 mediocritate
230 534 319 594 huius
335 533 620 613 quantulaecumque
634 537 665 594 in
675 535 800 595 dicendo
810 535 957 596 facultatis
970 543 1021 596 aut
1033 558 1047 598 5

23 625 95 698 opud
104 629 215 698 patrer
234 639 320 682 reum
333 639 476 699 prospere
490 621 649 682 defendere
663 629 714 683 aut
728 624 805 701 apud
820 625 1019 684 centumviros

22 728 131 770 oausam
147 709 273 788 aliquam
286 708 414 769 feliciter
428 726 512 768 orare
527 717 577 769 aut
591 710 668 788 apud
682 712 847 789 principem
860 713 940 788 ipsos
954 710 1019 770 illos

22 797 135 857 libertos
156 805 186 858 ct
204 803 413 875 procuratores
428 798 596 874 principum
611 800 690 857 tueri
705 806 735 859 et
752 798 910 859 defendere
925 798 1019 859 datur.

23 895 75 944 tum
93 885 171 945 mibi
191 901 280 962 supra
294 883 463 944 tribunatus
477 892 508 944 ct
521 891 674 962 praeturas
690 892 719 946 et
733 885 904 947 consulatus
919 904 1018 946 asceu-

21 973 79 1032 dere
95 973 211 1052 videor,
225 980 289 1033 tum
303 971 411 1032 habere
427 972 515 1052 quod,
530 974 556 1031 si
569 991 628 1031 non
638 975 669 1032 in
679 973 777 1051 aliquo
788 975 891 1053 oritur,
907 991 962 1033 nec
972 991 1019 1033 co·
1034 995 1062 1033 1o

22 1059 118 1120 dicillis
134 1060 224 1120 datur
238 1076 294 1119 nec
308 1078 377 1120 cum
391 1062 485 1137 gratia
499 1061 586 1120 venit.
602 1057 694 1138 quid?
722 1060 797 1120 fama
812 1068 841 1120 et
856 1060 919 1120 laus
934 1062 1019 1121 cuius

21 1151 81 1208 artis
99 1165 173 1208 cum
188 1154 338 1207 oratorum
357 1147 449 1225 gloria
464 1148 659 1225 comparanda
674 1145 741 1208 est?
756 1149 876 1226 quinam
890 1147 1019 1207 inlustri-

21 1253 76 1296 ores
97 1236 218 1296 suntin
231 1234 305 1295 urbe
319 1253 378 1294 non
393 1233 488 1294 solum
502 1235 580 1312 apud
594 1237 762 1312 negotiosos
777 1242 807 1295 et
821 1234 910 1295 rebus
925 1237 1019 1295 inten-

22 1331 64 1402 tos,
79 1323 133 1383 sed
151 1324 240 1382 etiam
250 1320 326 1400 apud
337 1340 445 1382 vacuos
455 1330 484 1382 et
494 1322 706 1402 adulescentes,
722 1322 831 1401 quibus
841 1322 927 1383 modo
938 1330 1019 1383 recta

21 1411 124 1472 indoles
140 1418 189 1471 est
202 1418 232 1471 et
245 1409 321 1470 bona
336 1427 404 1487 spes
419 1407 489 1470 sui?
512 1428 638 1489 quorum
652 1412 770 1470 nomina
785 1413 868 1489 prius
881 1418 1019 1489 parentes
1034 1432 1061 1472 11

22 1499 111 1560 liberis
127 1500 193 1558 suis
208 1494 368 1575 ingerunt?
381 1515 455 1575 quos
470 1500 588 1577 saepius
601 1497 707 1577 uulgus
722 1517 839 1577 quoque
849 1501 1019 1577 imperitum

22 1597 44 1646 et
59 1589 213 1648 tunicatus
230 1585 280 1645 hic
300 1584 427 1662 populus
449 1593 636 1646 transeuntes
651 1589 770 1646 nomine
784 1594 869 1646 vocat
884 1593 913 1645 et
927 1587 1019 1664 digito

23 1670 220 1734 demonstrat?
241 1673 369 1732 advenae
385 1690 502 1751 quoque
522 1681 552 1734 et
568 1676 719 1751 peregrini
733 1675 836 1733 iamin
849 1675 1019 1751 municipiis

23 1771 44 1821 et
60 1761 186 1822 coloniis
206 1762 269 1821 suis
283 1759 413 1840 auditos,
436 1763 646 1839 cumprimum
661 1760 765 1821 urbem
781 1763 955 1841 attigerunt,
974 1779 1019 1819 re·

22 1853 136 1928 quirunt
153 1867 186 1908 ac
201 1847 282 1908 velut
296 1848 477 1925 adgnoscere
492 1850 719 1926 concupiscunt.
1033 1871 1070 1912 eo.

77 1935 106 1999 8.
136 1935 240 1996 Ausim
259 1935 437 1996 contendere
455 1935 626 1996 Marcellum
643 1936 723 1995 hunc
742 1935 881 2016 Eprium,
905 1936 941 1995 de
961 1954 1019 2014 quo

20 2025 96 2084 nodo
111 2024 234 2084 locutus
249 2041 323 2103 sum,
346 2031 376 2083 et
393 2022 529 2101 Crispum
543 2023 660 2083 Vibium
674 2019 829 2102 (libentius
843 2025 922 2084 enim
936 2025 1020 2084 novis

20 2121 42 2171 et
54 2111 230 2173 recentibus
246 2129 333 2190 quam
347 2113 469 2171 remotis
480 2119 511 2171 et
525 2110 701 2170 oblitteratis
715 2111 857 2190 exemplis
868 2107 949 2193 utor)
960 2129 1019 2171 non

20 2202 108 2261 ninus
124 2206 212 2261 rectos
226 2216 291 2258 esse
306 2201 336 2258 in
351 2197 490 2258 extremis
501 2198 636 2276 partibus
646 2207 795 2259 terrarum
806 2219 893 2278 quam
903 2200 1019 2278 Capuae

21 2298 60 2349 aut
69 2287 223 2366 Vercellis,
238 2285 291 2346 ubi
304 2287 366 2346 nati
381 2286 530 2347 dicuntur.
558 2305 612 2347 nec
627 2287 683 2347 hoc
698 2286 756 2347 illis
771 2291 898 2349 alterius
913 2291 965 2361 bis,
980 2287 1046 2348 alo

20 2379 104 2438 terius
119 2384 169 2436 ter
182 2373 279 2434 milies
293 2377 464 2434 sestertium
477 2382 617 2455 praestat,
632 2393 809 2453 quamquam
823 2374 859 2434 ad
874 2375 926 2434 has
940 2378 1019 2452 ipsas

20 2477 80 2542 opes
104 2469 235 2543 possunt
252 2461 346 2521 videri
365 2461 549 2540 eloquentiae
569 2461 712 2522 beneficio
733 2465 862 2540 venisse,
884 2464 940 2522 sed
956 2464 1020 2538 ipsa

21 2551 194 2631 eloquentia3
210 2551 295 2610 ouius
310 2567 419 2610 numen
435 2558 465 2611 et
479 2549 614 2610 caelestis
628 2551 672 2609 vis
687 2549 779 2609 multa
793 2549 913 2627 quidem
928 2550 1019 2608 omni-

80 2755 106 2820 7,
123 2759 144 2807 4
162 2768 209 2806 eos
228 2769 282 2822 ago
302 2751 402 2819 quibus
426 2751 529 2806 Vahlen
552 2755 556 2814 l
581 2760 596 2807 6
616 2753 690 2822 apud
708 2754 804 2822 patres
823 2754 887 2810 add.
908 2753 1019 2810 Micho-

20 2825 75 2892 elist
94 2831 110 2880 't
125 2823 220 2892 iprum
233 2823 268 2878 L.
277 2822 393 2892 Speupei
404 2824 415 2944 p
428 2827 444 2877 8
462 2822 597 2892 principis
612 2825 683 2879 idem
698 2827 702 2890 Ι
720 2830 752 2878 10
763 2824 866 2878 habere
881 2825 1019 2880 Pithoeus:

22 2893 86 2948 abire
113 2899 117 2961 Ι
151 2893 244 2960 aliquo
263 2892 366 2947 Ritter:
387 2891 444 2945 uio
463 2895 637 2962 (reliquorum
656 2900 769 2950 conatus
786 2913 810 2950 c.
830 2897 861 2950 io
879 2896 941 2950 coiit.
961 2897 1019 2948 Au·

20 2965 266 3031 1111111111877)
296 2966 300 3030 1
331 2963 650 3033 11[cum]Aciolalius,
675 2963 778 3018 civium
796 2966 923 3019 Bdbreoc
951 2966 955 3030 Ι
987 2968 1019 3016 12

20 3036 126 3100 quinem
145 3031 313 3086 illustriores
335 3032 430 3087 Orelli:
456 3032 578 3100 quinon
597 3033 720 3088 illustres
740 3033 800 3103 (qui
818 3036 876 3086 tam
895 3033 1019 3086 illustres

18 3104 159 3170 Britticber,
178 3102 313 3171 quidnam
330 3101 467 3156 illustrius
486 3105 529 3157 est
543 3104 659 3172 Steiuer)
675 3107 680 3174 Ι
699 3111 730 3158 13
746 3105 811 3156 111111
820 3105 953 3170 Sebopen:
973 3103 1016 3172 etl

20 3181 45 3228 14
61 3191 167 3230 vacuos
186 3176 214 3229 b:
234 3172 348 3226 iuuenes
367 3173 459 3227 Bou
486 3176 490 3240 l
519 3176 597 3227 recta
615 3175 644 3227 ei
661 3173 758 3240 BGF,
783 3174 811 3226 et
829 3174 907 3226 recta
925 3174 954 3238 b,
973 3175 1020 3228 scol

19 3247 41 3297 et
55 3263 117 3315 sup.
138 3246 187 3299 liu.
213 3244 217 3312 Ι
245 3249 277 3297 15
297 3242 335 3296 111
353 3245 500 3299 Michaelis
524 3245 529 3312 Ι
558 3243 819 3311 1101111111111111311
844 3245 848 3311 l
873 3243 1019 3297 1011111111

19 3315 171 3382 Acidaliae,
197 3311 279 3366 vultu
296 3315 353 3382 ipse
371 3315 507 3382 quondam
536 3314 540 3382 Ι
570 3314 595 3382 8,
611 3320 628 3366 4
646 3314 727 3366 notos
746 3315 790 3366 bic
808 3315 871 3368 adol.
895 3313 1020 3378 Ursinus,

18 3393 67 3450 post
86 3401 150 3440 esse
169 3384 294 3452 leucius,
313 3389 376 3438 aute
394 3401 451 3438 non
469 3384 587 3452 Sauppe,
605 3400 632 3436 n.
651 3382 743 3437 minus
761 3381 886 3438 illustres
900 3384 1020 3440 Ribbeck

36 3463 48 3508 t>
72 3453 191 3510 citerius
209 3447 254 3508 bis
274 3455 363 3522 suppl.
385 3455 507 3510 Picbeuo
524 3455 572 3520 (cf.
591 3455 670 3509 schol.
690 3455 754 3509 Iuo.
774 3459 877 3524 111),
902 3453 1019 3508 alterius

19 3521 166 3580 bismilies
185 3524 372 3580 Friedlduder
387 3527 391 3593 Ι
409 3530 424 3578 'l
444 3524 493 3577 sed
511 3525 574 3579 adol.
594 3524 709 3593 Dipsium
