2474 4068
88 194 92 200 -
196 179 262 244 256
545 175 715 231 connnou
731 175 851 232 rnorrr

198 325 277 405 quod
297 326 440 385 innocens
463 323 590 384 Bolanus
613 331 643 384 et
665 323 754 384 nullis
780 322 895 383 delictis
917 324 1030 384 invisus
1049 326 1199 387 caritatem

195 421 349 493 paraverat
362 411 426 473 loco
441 413 632 473 auctoritatis.
987 467 991 474 .

260 498 310 561 17.
335 499 391 561 Sed
406 498 458 560 ubi
477 517 543 560 cum
559 507 658 560 cetero
679 498 751 559 orbe
765 499 961 577 Vespasianus
976 506 1007 560 et
1020 498 1198 561 Britanniam

196 589 385 667 reciperavit,
405 589 504 664 rnagni
517 586 620 666 duces,
640 589 751 665 egregii
765 589 927 668 exercitus,
945 589 1058 650 minuta
1072 587 1197 649 bostium

197 695 273 754 spes.
301 683 332 736 et
344 682 490 736 terrorem
504 675 603 734 statim
617 674 716 735 intulit
728 673 851 736 Petilius
866 674 1000 755 Cerialis,
1019 674 1197 752 Brigantium

197 766 358 844 civitatem,
378 779 451 842 quae
470 764 710 823 numerosissima
731 765 899 841 provinciae
914 765 1006 824 totius
1020 762 1198 844 perhibetur,

170 851 363 929 oadgressus.
400 849 491 911 multa
508 849 633 930 proelia,
652 857 683 910 et
701 850 857 929 aliquando
878 868 938 910 non
952 853 1121 930 incruenta;
1144 870 1198 911 ma·

121 1008 125 1012 ,
197 956 343 1017 gnamque
363 936 547 1015 Brigantium
570 947 684 1016 partem
702 946 753 999 aut
776 939 898 998 victoria
917 937 1069 1016 amplexus
1087 946 1134 998 est
1152 946 1199 1000 aut

197 1026 282 1087 bello.
311 1033 341 1086 et
359 1024 482 1086 Cerialis
498 1025 617 1104 quidem
635 1026 758 1086 alterius
772 1027 953 1086 successoris
968 1043 1069 1086 curam
1084 1026 1198 1087 lamam·

198 1131 255 1194 qne
280 1113 441 1175 obruisset:
465 1111 694 1193 sustinuit[que]
719 1112 826 1174 molem
849 1112 942 1174 lulius
962 1112 1136 1193 Frontinus,
1157 1117 1198 1174 vir

197 1219 332 1283 magnus,
352 1208 495 1280 quantum
509 1200 628 1281 licebat,
650 1200 834 1278 validamque
848 1208 878 1261 et
891 1218 1056 1279 pugnacem
1071 1200 1198 1263 Silurum

157 1298 315 1368 nogentem
329 1290 418 1348 armis
433 1288 563 1368 subegit,
581 1307 672 1367 super
685 1291 825 1348 virtutem
838 1287 969 1349 bostium
982 1287 1117 1350 locorum
1132 1308 1198 1370 quo·

199 1395 256 1455 que
271 1375 460 1436 difficultates
475 1375 629 1436 eluctatus.

265 1461 315 1524 18.
334 1461 420 1523 llunc
433 1462 602 1523 Britanniae
621 1471 741 1542 statum,
769 1461 823 1524 bas
841 1462 986 1524 bellorum
1007 1465 1088 1525 vices
1106 1465 1197 1525 media

196 1553 256 1612 iam
276 1557 386 1611 aestate
400 1557 604 1629 transgressus
618 1549 753 1628 Agricola
766 1553 887 1632 invenit,
906 1569 975 1613 cum
989 1559 1019 1612 et
1033 1551 1141 1613 milites
1154 1571 1197 1613 ve-

196 1639 240 1700 lut
260 1640 367 1699 omissa
387 1639 573 1717 expeditione
592 1639 626 1699 ad
646 1640 836 1700 securitatem
856 1647 885 1700 et
903 1639 1005 1700 hostes
1019 1639 1055 1700 ad
1073 1643 1197 1701 occasio-

197 1744 265 1788 nem
288 1735 484 1788 verterentur.
521 1726 699 1787 Ordovicum
722 1728 826 1788 civitas
848 1726 927 1788 haud
945 1726 1039 1788 multo
1062 1735 1130 1788 ante
1153 1729 1196 1788 ad-

169 1822 317 1878 oventum
334 1817 399 1875 ciris
418 1814 493 1875 alam
511 1816 541 1874 in
561 1813 670 1875 sinibus
689 1818 751 1875 suis
769 1822 903 1892 agentem
921 1833 1015 1894 prope
1034 1817 1196 1878 universam

197 1901 370 1983 obtriverat,
389 1920 483 1982 eoque
506 1903 590 1962 initio
609 1909 707 1963 erecta
728 1904 888 1981 provincia.
925 1911 955 1963 et
970 1901 1078 1982 quibus
1092 1903 1196 1964 bellum

197 1990 363 2052 volentibus
378 2000 450 2070 erat,
468 1989 594 2067 probare
609 1989 774 2068 exemplum
788 2008 822 2051 ac
832 1991 961 2051 recentis
975 1991 1063 2070 legati
1072 1993 1197 2053 animum

196 2080 336 2157 opperiri,
355 2094 422 2136 curn
441 2076 584 2156 Agricola,
604 2095 780 2156 quamquam
798 2085 965 2140 transvecta
984 2086 1088 2160 aestas,
1106 2081 1198 2160 sparsi

196 2183 250 2243 per
264 2166 445 2242 provinciam
459 2166 587 2242 numeri,
606 2173 794 2243 praesumpta
809 2166 887 2244 apud
902 2166 1024 2228 militem
1038 2166 1118 2229 illius
1131 2169 1197 2228 anni

156 2275 183 2315 ro
198 2253 291 2332 quies,
310 2250 394 2311 tarda
411 2258 441 2311 et
455 2253 602 2312 contraria
617 2250 726 2312 bellum
740 2253 925 2335 inchoaturo,
943 2262 974 2316 et
987 2254 1137 2334 plerisque
1150 2273 1196 2316 eu·

196 2339 301 2399 stodiri
315 2345 453 2416 suspecta
470 2341 569 2417 potins
583 2338 749 2420 videbatur,
768 2343 812 2403 ire
832 2340 947 2403 obviarn
966 2342 1130 2403 discrimini
1144 2351 1195 2404 sta-

196 2429 266 2508 tuit3
294 2429 512 2505 contractisque
531 2426 679 2505 legionum
702 2428 814 2490 vexillis
837 2436 868 2490 et
889 2429 1004 2491 modica
1025 2429 1196 2491 auxiliorum

195 2533 297 2595 manu,
326 2517 394 2593 quia
421 2516 452 2575 in
479 2532 607 2594 aequum
629 2515 751 2595 degredi
774 2516 933 2578 Ordovices
953 2535 1014 2577 non
1040 2517 1196 2598 audebant,

195 2605 260 2681 ipse
279 2611 345 2663 ante
364 2621 481 2682 agmen,
505 2622 564 2682 quo
583 2605 691 2664 ceteris
710 2621 764 2683 par
778 2607 893 2665 animus
908 2604 997 2665 sirnili
1010 2605 1143 2682 perteulo
1157 2624 1197 2666 es·

156 2711 182 2752 ιι
197 2696 255 2771 set,
274 2692 368 2750 erexit
386 2692 489 2750 aciem.
516 2708 658 2770 caesaque
678 2708 770 2769 prope
784 2694 923 2753 universa
936 2700 1031 2772 gente,
1045 2711 1107 2753 non
1120 2696 1196 2772 igna-

195 2794 248 2838 rus
273 2776 440 2836 instandum
461 2778 554 2838 lernae
569 2796 616 2857 ac,
638 2786 728 2856 prout
746 2781 841 2856 prima
859 2783 1031 2861 cessissent,
1054 2788 1196 2842 terrorem

266 2926 311 2992 17,
327 2933 342 2980 3
361 2925 533 2994 Bregentnm
558 2929 562 2998 Ι
587 2927 782 2997 cperhiberet
798 2930 826 2984 B
851 2931 856 2998 Ι
885 2929 1098 3000 dbregantium
1118 2934 1198 3002 (tum

195 3013 264 3053 corr.
282 2997 321 3066 A)
337 2998 341 3061 Ι
358 3003 373 3051 ‘i
393 2996 509 3050 ulterius
528 2997 642 3066 quidem
660 2999 777 3056 Heibner
793 3002 797 3069 Ι
814 3001 1006 3074 [successoris]
1027 3003 1195 3074 Nipperdegl

196 3073 212 3121 8
231 3073 295 3136 post
319 3066 458 3122 obruisset
480 3068 639 3140 Nipperdey
662 3087 722 3126 enm
744 3071 809 3126 aliis
828 3073 957 3128 lacunam
974 3074 1071 3129 statuit
1087 3074 1128 3129 stc
1145 3075 1197 3140 fere

195 3139 368 3205 explendam:
386 3137 443 3192 nisi
460 3137 489 3191 in
507 3138 599 3194 medio
617 3155 710 3194 rerum
728 3157 924 3211 prosperorum
942 3159 1024 3196 cursu
1037 3140 1146 3197 invidia
1159 3159 1198 3197 re-

195 3209 310 3262 vocatus
330 3210 404 3263 esset
419 3214 423 3272 l
440 3208 575 3264 sustinuit
590 3209 738 3278 Vicinaber,
757 3211 893 3266 sustinuit
909 3212 1005 3280 utique
1024 3213 1198 3282 Schoemann,

195 3277 284 3332 subiit
307 3277 495 3346 sustinuitque
517 3295 566 3334 nos
584 3282 720 3349 qnondam
749 3284 754 3349 1
784 3288 817 3335 10
836 3282 1015 3350 locorumque
1033 3283 1060 3336 B
1090 3286 1094 3352 Ι
1125 3284 1198 3351 18,4

194 3349 338 3402 uterentur
358 3352 421 3417 (pro
439 3351 593 3418 uterentur)
612 3351 640 3404 A
665 3353 670 3419 Ι
695 3356 710 3405 ‘i
730 3353 774 3420 oc]
794 3368 846 3406 neo
866 3351 1053 3422 Cornelissen!
1074 3359 1090 3407 8
1109 3354 1196 3408 trene-

195 3419 259 3471 octa
277 3418 434 3485 Rhenanus,
453 3426 483 3476 at
500 3422 534 3488 cf.
554 3421 592 3475 H.
610 3424 750 3488 2,76,18
766 3423 770 3490 Ι
788 3427 820 3476 13
840 3421 957 3491 digredi,
976 3439 1023 3478 em.
1038 3423 1196 3496 Acidalinal

197 3492 229 3541 16
248 3488 373 3542 tenorem
391 3490 463 3544 Boot
