2474 4068
223 187 290 250 270
572 180 741 236 connnmr
759 179 877 235 nactur
988 229 989 234 a
1215 206 1231 408 j

224 340 288 392 tum
302 332 407 410 tenuit,
421 329 500 390 unde
514 330 649 407 proximo
664 346 753 404 anno,
766 327 936 390 Britanniae
950 326 1036 389 litore
1050 325 1128 388 lecto
1143 329 1222 387 omn'

186 444 213 484 ro
226 419 359 481 reditura
374 424 445 478 erat.

293 503 343 568 39.
366 504 452 566 Hunc
466 521 568 564 rerum
582 521 713 583 cursum,
732 520 909 582 quamquam
923 500 1004 563 nulla
1016 501 1179 562 verborum
1193 504 1231 561 ia·

227 596 336 656 ctantia
350 591 485 671 epistulis
499 590 651 670 Agricolae
666 598 798 672 auctum,
821 600 856 652 ut
875 590 1039 650 Domitiano
1054 592 1147 650 moris
1162 608 1213 650 era

227 684 324 743 fronte
338 680 445 760 laetus,
464 686 584 757 pectore
604 680 709 739 anxius
723 680 847 757 excepit.
879 680 975 739 inerat
988 679 1171 738 conscientia
1186 599 1232 766 dell

227 771 302 830 risui
316 768 407 828 luisse
420 784 516 845 nuper
531 765 637 827 lalsum
651 785 667 826 e
682 765 836 827 Germania
850 765 1048 845 trimphum,
1062 768 1172 845 emptis
1181 769 1232 844 pel

201 881 214 922 c
228 857 412 936 commercia,
427 873 553 934 quorum
567 853 687 914 habitus
701 862 732 914 et
745 855 843 915 crines
856 856 889 915 in
904 855 1089 932 captivorum
1104 856 1232 932 speciem

228 945 439 1005 formarentur:
462 950 492 1003 at
509 960 589 1003 nunc
608 959 707 1002 veram
725 959 919 1021 magnamque
933 943 1088 1002 victoriam
1101 949 1148 1002 tot
1162 942 1232 1002 mili*

228 1032 284 1093 bus
306 1031 436 1092 hostium
456 1032 549 1091 caesis
568 1031 681 1108 ingenti
699 1029 775 1090 fama
794 1028 946 1090 celebrari.
982 1029 1013 1090 id
1032 1029 1091 1090 sibi
1108 1032 1232 1090 maxime

228 1119 463 1200 formidolosum,
482 1119 589 1198 privati
602 1118 730 1178 hominis
744 1135 850 1178 nomen
866 1134 956 1196 supra
969 1119 1114 1196 principis
1130 1117 1225 1178 attolli

228 1209 339 1268 frustra
352 1207 450 1267 studia
464 1205 521 1265 lori
535 1213 565 1266 et
579 1205 710 1266 civilium
723 1207 831 1265 artium
845 1204 937 1266 decus
950 1207 982 1265 in
996 1204 1151 1265 silentium
1166 1224 1200 1266 ac

190 1321 215 1360 ro
229 1297 254 1355 si
268 1295 424 1355 militarem
438 1293 561 1371 gloriam
579 1292 654 1354 alius
673 1301 847 1373 occuparet;
870 1299 973 1376 cetera
988 1299 1155 1372 utcumque
1170 1294 1233 1353 saei·

228 1382 286 1442 lius
315 1380 508 1458 dissimulari,
539 1379 624 1440 ducis
653 1380 723 1441 boni
750 1381 969 1458 imperatoriam
996 1382 1139 1441 virtutem
1164 1399 1233 1442 essa

228 1558 307 1617 cium
338 1563 415 1636 erat,
447 1561 562 1616 secreto
591 1573 644 1615 suo
673 1557 809 1636 satiatus,
842 1557 986 1635 optimum
1014 1558 1222 1634 inpraesenti

229 1646 332 1721 statuit
350 1661 494 1723 reponere
513 1643 627 1724 odium,
646 1643 739 1704 donec
758 1645 886 1722 impetus
905 1643 998 1704 famae
1013 1651 1043 1703 et
1056 1644 1141 1704 lavor
1157 1575 1234 1712 exeri

189 1757 215 1798 aa
229 1735 306 1794 citus
325 1732 543 1811 languesceret:
562 1749 631 1792 nam
649 1734 737 1792 etiam
755 1739 819 1792 tum
837 1730 973 1809 Agricola
987 1730 1176 1793 Britanniam
1192 1733 1234 1794 obl

227 1820 348 1882 tinebat.

293 1905 345 1969 40.
368 1907 461 1987 Igitur
475 1906 664 1986 triumphalia
678 1914 849 1966 ornamenta
863 1914 893 1967 et
906 1905 1041 1967 inlustris
1056 1914 1176 1969 statuae
1191 1910 1234 1969 ho

228 2013 332 2056 norem
346 2003 376 2055 et
391 1995 534 2074 quidquid
552 2013 606 2072 pro
622 1995 772 2073 triumpho
787 1994 882 2076 datur,
903 1995 995 2056 multo
1010 1994 1174 2056 verborum
1191 1998 1229 2057 ho

228 2100 301 2142 nore
316 2082 476 2162 cumulata,
495 2083 615 2142 decerni
634 2084 665 2142 in
680 2089 784 2143 senatu
798 2081 882 2143 iubet
895 2082 1022 2159 addique
1036 2085 1165 2162 insuper
1181 2087 1230 2164 opi

228 2171 356 2249 aionem,
376 2169 492 2230 Suriam
505 2171 687 2248 provinciam
701 2169 854 2249 Agricolae
868 2170 1019 2252 destinari,
1034 2189 1161 2232 vacuam
1178 2181 1191 2233 t
1234 2243 1235 2254 χ

201 2281 214 2322 s
229 2265 323 2318 morte
336 2256 419 2317 acilii
432 2257 499 2317 nun
513 2256 677 2318 consularis
696 2265 726 2318 et
743 2256 905 2319 maioribus
924 2266 1112 2320 reservatam.
1142 2262 1235 2322 credi

229 2345 299 2407 dere
317 2344 451 2425 plerique
471 2344 610 2405 libertum
629 2363 665 2405 ex
684 2345 896 2407 secretioribus
919 2348 1092 2407 ministeriis
1111 2350 1235 2411 missum

228 2435 264 2495 ad
289 2432 455 2512 Agricolam
478 2431 642 2514 codicillos,
673 2433 781 2512 quibus
804 2436 832 2495 ei
851 2433 937 2495 Suria
961 2433 1097 2516 dahatur,
1121 2437 1235 2518 tulisse,

229 2540 297 2583 cum
310 2530 468 2602 praecepto
483 2529 525 2598 ut,
544 2523 568 2582 si
583 2524 614 2581 in
624 2521 775 2583 Britannia
789 2521 874 2602 foret,
889 2522 1091 2603 traderentur3
1106 2541 1235 2605 eumque

228 2609 368 2670 libertum
390 2612 422 2670 in
446 2612 511 2689 ipso
535 2617 611 2671 rreto
625 2609 735 2670 Oceani
754 2609 873 2670 obvium
886 2609 1053 2690 Agricolae,
1079 2628 1118 2671 ne
1137 2615 1235 2693 appel·

192 2721 216 2760 ro
229 2698 287 2756 lato
303 2696 423 2775 quidem
441 2715 475 2757 eo
495 2698 531 2757 ad
550 2697 749 2758 Domitianum
762 2715 918 2778 remeasse,
942 2700 1004 2759 sive
1022 2716 1125 2759 verum
1146 2701 1235 2782 istud=

229 2785 290 2843 slva
304 2801 340 2844 ex
354 2785 473 2862 ingenio
487 2787 631 2904 principis
646 2786 748 2846 lictum
766 2804 800 2847 ac
814 2788 1011 2866 compositum
1025 2794 1079 2848 est.
1106 2789 1235 2851 tradide·

299 3005 398 3071 88,19
424 3019 496 3059 enno
521 3006 584 3061 add.
612 3005 731 3077 Madvig
755 3006 760 3079 l
783 3005 866 3061 litore
893 3007 1028 3088 Picheaa.
1052 3008 1143 3063 latere
1175 3014 1180 3080 Ι
1209 3019 1235 3068 2(

228 3075 354 3131 reditura
372 3077 434 3130 erat
452 3075 583 3146 Madvig.
614 3023 738 3131 redierat
757 3077 840 3147 (unde
858 3077 984 3146 proximo
1003 3078 1034 3132 B.
1053 3079 1142 3133 latere
1164 3081 1235 3138 lectt

227 3217 356 3299 Lipsiuaf
375 3219 479 3272 actum
487 3220 491 3286 l
510 3218 544 3271 ul
560 3216 737 3273 Domitianus
756 3219 817 3272 eret
834 3218 863 3271 Β
877 3221 882 3289 l
898 3225 914 3273 3
933 3217 1010 3291 cepit
1027 3218 1055 3273 Β
1070 3220 1107 3287 15
1127 3221 1221 3278 crinis

228 3285 419 3357 8pr1nc1pcm
438 3287 596 3358 Nappcrdcy
611 3293 615 3357 Ι
633 3294 665 3342 10
685 3291 729 3343 cet
730 3303 778 3342 era
801 3288 880 3343 Wee.
900 3290 929 3342 et
947 3291 1042 3342 cetera
1066 3291 1070 3358 Ι
1096 3295 1130 3344 12
1150 3295 1235 3360 quod·

228 3372 264 3410 ue
281 3357 309 3409 Β
347 3362 380 3410 14
399 3372 532 3426 seponere
553 3357 739 3427 Cornelissen!
762 3364 794 3413 15
804 3358 925 3498 ,gnam
919 3357 1098 3440 obtinebat]
1114 3360 1235 3442 Νέρων

228 3427 309 3550 cleg}
355 3427 510 3495 ,aedditq
511 3428 714 3508 ueeretual
730 3428 880 3483 antia
908 3428 1221 3502 ActiliiBl'leisB

228 3494 447 3559 salamiam.
466 3496 557 3561 forts
549 3514 578 3550 m
596 3429 742 3551 Britannia
760 3497 845 3552 etium
