2474 4068
201 135 265 201 236
544 129 847 188 oonunnuunoim

201 274 296 364 genti)
319 279 399 340 velut
421 278 569 341 vinculum
593 287 700 360 gestat,
723 278 816 339 donec
835 295 867 338 se
886 277 976 339 caede
994 277 1094 340 hostis
1112 279 1180 340 abs·

162 399 187 440 10
201 376 258 430 vat.
293 367 428 447 plurimis
447 367 618 429 Chattorum
636 366 684 427 hic
701 365 798 445 placet
815 365 945 445 habitus,
963 368 1085 444 iamque
1100 386 1186 428 canor

201 459 332 535 insigues
346 465 377 517 et
390 455 524 517 hostibus
538 454 626 516 simul
635 456 756 533 suisque
771 456 934 516 monstrati
965 457 1101 516 omnium
1115 475 1184 534 pen

201 547 255 608 hos
274 547 357 606 initia
375 560 555 624 pugnarnm3
577 543 649 604 haee
666 545 761 620 prima
780 559 896 620 semper
915 543 1006 623 acies,
1029 545 1100 604 risu
1121 563 1194 604 nor

201 653 269 696 uam
283 652 321 694 ne
335 635 366 694 iu
380 649 452 710 pace
467 631 586 710 quidem
600 630 682 691 cultu
696 632 812 690 mitiore
827 638 1046 691 mansuescunt.
1065 631 1147 692 nulli
1163 632 1188 692 d<

201 739 268 783 rnus
291 728 341 781 aut
364 737 434 798 ager
452 727 503 780 aut
521 719 617 797 aliqua
639 736 723 780 cura:
746 725 835 796 prout
857 717 893 778 ad
917 735 1063 796 quemque
1090 738 1194 780 vener

163 841 175 880 1
220 809 337 888 luntur,
358 807 475 886 prodigi
498 805 597 886 alieni,
621 814 838 884 contemptores
853 808 912 886 sui,
935 805 1029 868 donec
1043 807 1190 886 exsangu'

172 827 339 1002 (benectus
353 903 414 956 tam
427 894 518 955 durae
533 895 636 956 virtuti
649 896 776 972 impares
791 893 885 954 iaciat.

187 987 190 996 '
268 980 319 1045 32.
342 982 472 1044 Proximi
489 982 601 1044 Chattis
624 991 737 1044 certum
760 983 818 1041 iam
832 981 912 1042 alveo
928 980 1072 1060 Rhenum,
1096 986 1201 1062 quique

202 1073 347 1133 terminus
373 1089 439 1132 esee
458 1071 592 1150 sufficiat,
610 1068 692 1149 Usipi
710 1087 744 1130 ac
762 1068 900 1130 Tencteri
918 1068 1027 1130 colunt.
1063 1069 1201 1132 Tencteri

203 1178 293 1239 super
307 1159 426 1221 solitum
440 1158 584 1220 bellorum
598 1157 689 1219 decus
702 1159 849 1236 equestris
863 1155 1034 1235 disciplinae
1046 1166 1116 1220 arte
1126 1179 1202 1239 prae·

203 1248 326 1327 cellunt3
343 1265 399 1308 uec
417 1249 510 1307 maior
528 1246 605 1325 apud
620 1245 739 1307 Chattos
753 1245 885 1323 peditum
899 1244 963 1305 laus
977 1262 1063 1324 quam
1080 1245 1202 1309 Tencte-

176 1363 189 1405 ι
203 1338 245 1396 ris
259 1337 401 1412 equitum.
431 1336 474 1394 sic
488 1336 643 1394 instituere
657 1335 796 1394 maiores:
809 1335 922 1411 posteri
935 1335 1099 1394 imitantur.
1119 1335 1156 1396 hi
1169 1334 1203 1396 lu·

204 1439 255 1483 eus
273 1422 441 1502 infantium,
464 1420 537 1481 haee
550 1423 691 1482 iuvenum
710 1418 879 1482 aemulatio:
902 1430 1095 1499 perseverant
1110 1440 1203 1484 senes.

203 1512 281 1570 inter
290 1508 427 1569 familiam
438 1515 467 1569 et
476 1515 597 1586 penates
607 1516 637 1568 et
646 1510 711 1570 iura
721 1511 942 1569 successionum
952 1511 1021 1586 equi
1030 1509 1204 1574 traduntur:

203 1599 312 1677 excipit
327 1597 419 1676 illius,
435 1615 494 1658 non
508 1604 541 1657 ut
556 1603 668 1677 cetera,
685 1599 829 1658 maximus
844 1605 928 1677 natu,
951 1597 1003 1657 sed
1017 1606 1109 1675 prout
1124 1599 1204 1661 ieron

203 1685 279 1747 bello
295 1694 325 1747 et
339 1685 450 1747 melior.

270 1770 321 1835 33.
348 1773 432 1834 luxta
459 1772 620 1834 Tencteros
642 1771 778 1833 Bructeri
801 1771 871 1832 olim
893 1771 1102 1834 occurrebant:
1127 1793 1205 1838 nrrnc

203 1862 364 1923 Chamavos
387 1869 417 1922 et
438 1861 625 1939 Angrivarios
648 1861 822 1937 immigrasse
845 1869 994 1941 narratur,
1017 1858 1113 1940 pulsis
1133 1863 1205 1925 Bru·

204 1952 294 2011 cteris
317 1967 351 2009 ac
371 1950 489 2028 penitus
504 1950 611 2008 excisis
625 1949 787 2018 vicinarum
802 1965 949 2009 consensu
962 1950 1130 2031 nationum,
1157 1971 1206 2014 seu

203 2035 359 2114 superbiae
387 2035 453 2095 odio
481 2053 535 2096 seu
557 2036 682 2115 praedae
710 2034 864 2096 dulcedine
888 2053 941 2096 seu
960 2037 1057 2097 lavore
1076 2041 1208 2116 quodam

177 2151 189 2192 ι
204 2141 273 2201 erga
287 2141 342 2184 nos
356 2122 492 2203 deorum3
506 2139 574 2182 nam
587 2141 625 2183 ne
639 2122 806 2203 spectaculo
820 2123 939 2202 quidem
948 2123 1051 2202 proelii
1062 2126 1208 2190 invidere.
1222 2183 1223 2206 p

204 2229 294 2290 super
315 2211 465 2288 sexaginta
478 2209 557 2270 milia
572 2228 630 2270 non
646 2213 733 2271 armis
748 2210 874 2290 telisque
887 2211 1038 2293 Romanis,
1058 2213 1111 2274 sed
1128 2218 1207 2294 quod

204 2299 438 2379 magnificentius
453 2305 506 2380 est,
520 2296 709 2358 oblectationi
722 2298 875 2377 oculisque
885 2300 1064 2361 ceciderunt.
1078 2315 1208 2384 maneat

204 2406 327 2469 quaeso,
354 2387 499 2465 duretque
522 2385 672 2468 gentibus,
700 2388 726 2447 si
748 2405 807 2448 non
831 2405 912 2448 amor
935 2390 1042 2467 nostri,
1069 2396 1098 2450 at
1123 2402 1208 2453 certe

204 2476 304 2537 odium
323 2477 379 2556 sui,
400 2475 515 2555 quando
535 2475 731 2554 urguentibus
749 2477 866 2555 imperii
884 2476 951 2536 latis
965 2475 1038 2537 nihil
1051 2478 1109 2538 iam
1122 2497 1209 2559 prae-

164 2590 191 2631 ιο
205 2571 284 2625 stare
298 2565 417 2625 iortuna
430 2565 525 2626 maius
538 2571 637 2642 potest
651 2581 740 2642 quam
752 2563 881 2624 hostium
896 2563 1080 2626 discordiam.

270 2648 322 2712 34.
344 2651 532 2728 Angrivarios
553 2659 583 2712 et
601 2651 761 2712 Chamavos
779 2669 795 2712 a
814 2658 897 2729 tergo
915 2651 1075 2729 Dulgubnii
1088 2661 1120 2714 et
1134 2654 1209 2717 Cha·

204 2739 296 2798 suarii
318 2737 442 2798 cludunt
466 2739 597 2817 aliaeque
615 2747 718 2818 gentes
736 2738 814 2798 haud
832 2739 955 2817 perinde
974 2749 1169 2825 memoratae,
1195 2764 1208 2805 a

204 2826 300 2886 lronte
315 2824 404 2885 Frisii
422 2827 581 2904 excipiunt.
613 2825 773 2888 maioribus
792 2826 1015 2908 minoribusque
1034 2829 1139 2892 Frisiis
1159 2852 1208 2894 vo·

273 3031 349 3098 31,9
369 3028 523 3086 absoluerit
540 3030 570 3086 ὁὶ
589 3030 594 3099 l
618 3036 651 3085 10
668 3029 807 3102 plurimis]
826 3031 1006 3088 ferocissimis
1023 3032 1168 3103 Nipperde
1204 3045 1208 3105 Ι

205 3107 237 3156 11
257 3103 286 3155 et
304 3103 320 3157 b
338 3102 387 3157 al.
404 3104 408 3168 Ι
426 3106 457 3154 12
476 3099 538 3155 usn
555 3101 840 3170 torvaFreiusheimt
857 3109 889 3155 13
910 3102 986 3157 cultu
1006 3103 1039 3158 0:
1057 3103 1139 3158 vultu
1196 3110 1211 3162 b

205 3171 259 3242 l1⁶
279 3173 452 3241 exanguesb
477 3173 482 3240 Ι
506 3169 587 3239 dm
606 3172 635 3225 et
652 3171 728 3227 bello
747 3172 846 3227 melior
863 3172 990 3229 Muretus
1013 3176 1018 3242 Ι
1042 3173 1119 3242 biba
1141 3176 1210 3230 cha·

202 3243 334 3297 menosb
360 3246 364 3312 Ι
389 3239 563 3310 cngrinerios
582 3242 619 3310 ὁὶ,
638 3242 816 3311 enguiuarios
836 3241 860 3298 0
881 3242 885 3313 Ι
910 3249 926 3298 3
944 3244 1007 3311 fort.
1027 3243 1144 3299 excissis
1166 3251 1171 3314 Ι
1196 3254 1211 3302 9

203 3311 366 3380 urgentibus
384 3311 520 3394 iem-'BQ
548 3311 578 3364 in
596 3313 759 3395 urgentibus
779 3313 824 3393 Q„
839 3312 1034 3397 ingruentibus
1047 3315 1185 3396 ,Bdhreue

203 3383 283 3449 84‚1
308 3380 462 3450 Dulgubnn
485 3383 546 3437 Joc.
568 3382 685 3438 German:
718 3383 1055 3452 dulgrbmr,dulg1tubrm
1073 3392 1121 3444 etc.
1142 3389 1211 3446 libre

205 3452 211 3528 Ι
230 3451 386 3506 oceosuerii
405 3451 433 3519 0,
451 3450 589 3506 ffiesuerii
608 3453 661 3523 (te.
673 3456 695 3522 .)
713 3452 762 3507 Bb
778 3458 814 3522 12
835 3453 968 3508 claudunt
985 3455 1015 3511 b'
