2490 4066
316 181 519 238 Aeffloonnu
538 191 651 240 ee-ee.
922 186 987 249 269

9 331 145 394 eniebant.
196 329 276 409 quod
303 333 335 391 ni
361 330 501 410 frequens
529 331 639 411 ubique
666 330 801 410 Agricola
824 332 932 392 validas
956 339 986 393 et

9 420 133 498 rpeditas
147 418 285 479 cohortes
303 417 450 496 indaginis
468 419 569 500 modo,
595 426 625 480 et
643 419 739 480 sicubi
761 421 870 480 artiora
889 428 985 502 erant,

9 515 94 567 artem
112 508 248 586 equitum
267 505 396 566 dimissis
415 507 512 586 equis,
536 507 624 567 simul
647 509 775 567 rariores
799 507 885 568 silvas
905 509 985 586 equi·

9 613 40 656 tm
57 595 244 674 perscrutari
261 595 411 675 iussisset,
430 600 584 672 acceptum
604 594 721 672 aliquod
745 594 850 655 vulnus
868 613 923 674 per
942 597 984 655 ni·
999 616 1025 655 re
1073 589 1075 596 ’

9 684 67 742 iam
82 681 221 743 lidneiam
235 682 320 742 foret.
352 689 486 742 ceterum
506 681 558 742 ubi
576 685 754 760 compositos
769 683 862 743 firmis
877 682 985 743 ordini·

9 788 36 830 us
50 773 137 848 sequi
151 787 257 846 rursus
271 769 384 850 ridere,
408 771 439 829 in
453 770 552 848 lugam
572 772 663 850 versi,
684 787 743 830 non
757 770 932 852 agminibus,
952 779 986 831 ut

9 859 76 938 rius,
95 875 152 918 nec
171 856 246 918 alius
264 856 353 917 alium
373 864 587 938 respectantes,
610 859 671 918 rari
690 865 720 918 et
734 858 886 919 vitabundi
899 861 930 918 in
944 861 985 917 vi·

9 963 45 1006 un
67 945 229 1024 longinqua
253 954 341 1024 atque
365 947 427 1005 avia
450 947 572 1023 petiere.
616 945 683 1006 finis
706 946 851 1024 sequendi
875 964 934 1005 nox
957 953 987 1006 et

9 1034 100 1094 rtietas
125 1033 189 1093 suit.
237 1051 322 1093 caesa
344 1031 475 1092 bostium
494 1032 529 1093 ad
553 1032 656 1093 decem
683 1029 778 1094 milia:
814 1041 986 1093 nostrorum
999 1051 1026 1093 25

9 1123 109 1181 recenti
137 1123 287 1198 sexaginta
315 1119 463 1200 cecidere,
494 1122 526 1180 in
554 1122 629 1198 quis
652 1119 745 1181 Aulus
763 1121 879 1182 Atticus
902 1138 986 1198 prae·

9 1216 76 1274 utus
105 1207 251 1288 cohortis,
279 1207 402 1269 iuvenili
430 1206 535 1268 ardore
564 1215 594 1268 et
622 1208 731 1268 ferocia
755 1210 825 1286 equi
851 1207 987 1268 hostibus

9 1295 97 1358 datus.
266 1361 273 1374 ,

46 1382 99 1446 38.
123 1382 163 1443 Et
182 1400 241 1442 nox
264 1381 383 1460 quidem
403 1382 509 1460 gaudio
527 1383 695 1461 praedaque
718 1382 794 1445 laeta
811 1383 988 1445 victoribus:

9 1473 116 1533 ritanni
129 1469 261 1548 palantes
275 1472 426 1549 mixtoque
436 1473 567 1531 virorum
578 1470 794 1550 mulierumque
804 1471 920 1550 ploratu
930 1479 988 1531 tra·

9 1578 52 1620 ere
75 1557 259 1638 vulneratos,
286 1575 391 1618 vocare
410 1560 556 1639 integros,
579 1558 718 1619 deserere
745 1559 848 1619 domos
878 1578 911 1619 ac
934 1575 988 1637 per

9 1665 54 1708 am
73 1647 154 1708 ultro
173 1645 341 1726 incendere,
365 1645 473 1724 eligere
492 1644 619 1706 latebras
638 1654 668 1707 et
686 1649 786 1707 statim
804 1645 987 1726 relinquere,

9 1738 108 1796 iscere
122 1736 155 1794 in
171 1735 265 1794 vicem
280 1732 402 1794 consilia
418 1726 555 1815 [aliqua],
574 1734 642 1793 dein
661 1751 811 1813 separare3
832 1732 1014 1811 aliquandoe

9 1826 76 1902 engi
94 1829 219 1901 aspectu
236 1823 393 1900 pignorum
415 1838 549 1901 suorum,
578 1823 695 1900 saepius
719 1823 869 1882 concitari.
905 1823 987 1880 setis·

9 1929 38 1972 ue
53 1909 210 1973 constabat
223 1910 350 1969 saevisse
366 1909 507 1988 quosdam
521 1910 552 1969 in
566 1910 707 1986 coniuges
721 1927 755 1968 ac
773 1908 896 1989 liberos,
915 1916 988 1968 tam-

9 2017 69 2060 uam
93 2000 317 2059 misererentur.
346 1998 499 2074 proximus
522 1996 585 2057 dies
608 1997 713 2057 taciem
741 1998 881 2057 victoriae
900 1995 988 2056 latius

9 2089 112 2166 peruit:
136 2092 253 2146 vastum
275 2083 385 2162 ubique
404 2083 567 2164 silentium,
589 2084 700 2145 deserti
719 2083 823 2166 colles,
846 2085 988 2146 fumantia

9 2175 84 2237 rocul
99 2180 188 2248 tecta,
206 2190 293 2233 nemo
309 2171 543 2250 exploratoribus
558 2171 669 2234 obvius.
703 2172 811 2252 quibus
826 2175 857 2233 in
871 2190 988 2233 omnem
1002 2193 1029 2232 ro

9 2271 96 2323 artem
120 2261 266 2340 dimissis,
293 2259 346 2320 ubi
369 2262 482 2320 incerta
502 2261 587 2338 fugae
607 2262 728 2340 vestigia
746 2279 842 2340 neque
863 2278 988 2338 usquam

9 2350 154 2428 englobari
172 2349 274 2408 hostes
296 2356 482 2426 compertum
505 2341 550 2430 (et
564 2357 665 2408 exacta
684 2352 742 2408 iarn
761 2355 870 2408 aestate
890 2349 989 2426 spargi

9 2437 92 2498 ellum
102 2430 272 2518 nequibat),
286 2437 317 2495 in
332 2436 405 2495 fines
418 2434 610 2495 Borestorum
628 2438 791 2496 exereitum
805 2434 933 2496 deducit.
946 2434 989 2495 ibi

9 2528 113 2605 coeptis
133 2523 299 2603 obsidibus,
317 2523 467 2600 praelecto
489 2521 591 2582 classis
607 2523 788 2584 circumvehi
807 2523 988 2584 britanniam

9 2615 136 2692 raecipit.
174 2611 258 2672 datae
279 2610 315 2670 ad
338 2610 368 2670 id
392 2611 486 2690 vires,
510 2618 540 2670 et
562 2620 765 2688 praecesserat
786 2620 892 2672 terror.
923 2613 988 2689 ipse
1003 2629 1029 2672 rs

9 2702 114 2762 editem
134 2707 222 2777 atque
241 2699 356 2776 equites
382 2697 461 2758 lento
476 2699 596 2779 itinere,
619 2716 677 2777 qno
697 2716 839 2758 novarum
857 2701 989 2778 gentium

9 2791 69 2849 nimi
83 2790 153 2867 ipsa
165 2787 307 2846 transitus
325 2802 407 2845 mora
420 2792 618 2867 terrerentur,
631 2788 663 2846 in
681 2784 936 2847 hibernislocarit.
960 2795 990 2847 et

9 2877 66 2937 mul
82 2875 189 2936 classis
203 2873 332 2946 secunda
346 2880 520 2951 tempestate
538 2892 571 2934 ac
593 2873 668 2933 lama
678 2873 909 2934 Trucculensem
922 2892 989 2953 por·

48 3011 103 3077 et,
120 3012 154 3062 18
175 3012 239 3078 poet
261 3007 344 3061 modo
363 3006 523 3078 Nipperdey
545 3009 660 3064 lammae
677 3009 785 3076 manum
799 3007 894 3075 posuit
922 3008 927 3074 1
957 3013 989 3061 19

9 3081 73 3146 ruite
96 3080 133 3145 A,
153 3077 262 3145 equites
279 3078 308 3132 Β
323 3081 327 3148 1
344 3083 378 3131 20
396 3076 565 3146 perscrutari
585 3079 764 3134 Cornelissen:
783 3075 936 3146 persulteri
954 3077 989 3144 A,

9 3146 151 3204 trlnstrari
168 3149 195 3201 Β
214 3147 395 3218 (perlustrare
420 3148 539 3216 Urlichs,
565 3148 721 3217 persultare
739 3148 901 3216 Rhenanus)
927 3147 932 3213 Ι
956 3152 989 3201 22

9 3217 85 3288 idere,
105 3235 202 3272 mrsus
221 3219 379 3288 Peerlkamp
394 3221 399 3288 1
414 3217 515 3286 uersis,
535 3234 582 3274 eru.
601 3219 768 3274 Puteobeeue
783 3221 787 3288 1
804 3225 838 3273 23
856 3217 920 3288 nec]
941 3217 990 3270 sed

9 3291 130 3348 ,eutius
145 3293 151 3358 1
167 3288 216 3342 sed
234 3287 292 3342 rari
310 3291 349 3344 ed.
368 3289 538 3414 Bipommid
554 3294 588 3343 26
607 3288 685 3356 queis
700 3288 728 3342 Β
743 3291 747 3359 1
763 3289 835 3357 38,2
850 3287 990 3342 Britanni-

9 3377 41 3429 ue,
60 3377 111 3418 em.
133 3359 301 3415 Puteolorum
316 3361 353 3428 15
373 3358 493 3430 [alique]
538 3361 626 3414 lescen
642 3360 646 3427 1
663 3359 729 3414 dein
746 3360 774 3412 Β
790 3361 794 3428 1
810 3365 827 3414 8
845 3358 991 3416 misereret

9 3433 58 3502 ’19
79 3429 189 3486 deserti
206 3430 331 3486 Benene:
351 3429 471 3497 secreti!
489 3435 522 3482 14
539 3429 666 3497 profecto
680 3428 707 3482 Β
723 3431 727 3499 1
745 3435 777 3484 17
796 3432 937 3484 terrentur
949 3429 988 3500 Β1

9 3499 241 3558 itrneeulensem
259 3502 298 3554 A:
318 3500 457 3555 trutulens
476 3501 519 3553 ert
536 3501 564 3556 B
