2474 4068
223 177 288 240 240
571 173 738 229 CORNELII
755 171 872 227 TACITI

211 287 234 350 s
287 317 338 382 40.
364 320 473 382 Contra
491 321 696 400 Langobardos
715 322 847 399 paucitas
866 319 1014 382 nobilitat:
1032 320 1173 400 plurimis
1194 339 1216 380 ac

222 410 429 471 valentissimis
443 408 611 471 nationibus
626 410 714 469 cincti
729 427 788 468 non
803 427 855 486 per
869 408 1058 490 obsequium,
1072 409 1125 469 sed
1139 427 1217 488 proc·

221 497 269 560 llis
283 517 317 560 ac
331 498 524 579 periclitando
538 499 595 557 tuti
609 505 686 556 sunt.
722 495 869 574 Reudigni
888 497 994 558 deinde
1009 504 1039 557 et
1052 497 1184 557 briones
1197 507 1215 557 et

222 585 319 666 Anglii
337 594 367 648 et
380 586 479 646 Varini
497 592 526 645 et
540 584 672 644 Eudoses
691 591 721 644 et
736 584 903 645 Suardones
922 594 951 646 et
965 585 1109 646 Nuitones
1128 585 1215 646 llumi·

195 675 309 742 onibus
324 681 374 734 aut
386 673 466 734 silvis
476 674 657 737 muniuntur.
676 690 731 733 neo
742 675 899 752 quicquam
909 673 1037 734 notabile
1047 676 1078 733 in
1089 673 1215 752 singulis,

222 765 279 823 nlsi
299 761 377 842 quod
393 763 423 821 in
438 778 592 821 commuue
606 760 762 841 Nerthum,
781 761 810 820 id
826 768 871 821 est
880 761 1002 822 Terram
1016 769 1159 842 matrem,
1179 781 1215 822 co·

222 850 287 910 lunt
306 866 428 928 eamque
446 850 625 909 intervenire
644 848 734 909 rebus
752 848 914 930 hominum,
932 849 1030 910 invehi
1045 849 1169 928 populis
1183 869 1216 909 ar·

222 938 379 999 bitrantur.
398 937 486 997 estin
500 935 596 997 insula
611 935 720 997 Oceani
734 944 847 997 castum
862 955 975 1015 nemus,
989 938 1183 1016 dicatumque
1196 941 1216 996 ἠ

222 1045 257 1088 eo
272 1021 451 1105 vehiculum,
470 1031 551 1085 reste
566 1032 747 1105 contectum3
766 1027 910 1103 attingere
924 1030 977 1085 uni
991 1025 1141 1087 sacerdoti
1157 1045 1215 1087 con·

182 1143 207 1183 10
222 1133 346 1177 cessum.
382 1115 408 1173 is
430 1112 533 1173 adesse
555 1112 700 1191 penetrali
725 1113 808 1173 deam
826 1111 970 1191 intellegit
984 1122 1160 1193 rectamque
1175 1115 1216 1174 bu·

221 1204 277 1265 bus
297 1203 412 1264 leminis
430 1199 521 1261 multa
536 1219 604 1261 cum
618 1203 804 1262 veneratione
822 1204 1022 1280 prosequitur.
1063 1202 1135 1262 laeti
1154 1212 1215 1263 tnnc

222 1293 298 1372 dies,
317 1292 390 1351 festa
408 1289 484 1369 loca,
504 1307 706 1369 quaecumque
725 1289 851 1350 adventu
870 1289 1057 1369 hospitioque
1076 1291 1215 1368 dignatur.

221 1398 280 1440 non
299 1376 374 1438 bella
394 1379 510 1458 ineunt,
529 1395 588 1438 non
603 1395 682 1438 arma
697 1385 831 1458 sumunt3
852 1377 1081 1439 clausumomne
1096 1379 1216 1453 lerrun3

220 1485 276 1547 pax
295 1474 325 1527 et
343 1467 426 1544 quies
446 1473 516 1526 tunc
535 1472 650 1526 tantum
668 1473 748 1545 nota,
772 1473 843 1526 tunc
861 1473 976 1526 tantum
995 1475 1103 1548 amata,
1130 1466 1214 1527 donec

181 1581 206 1622 15
221 1555 298 1616 idem
309 1553 445 1615 sacerdos
460 1555 594 1615 satiatam
603 1555 824 1614 conversatione
838 1553 1007 1615 mortalium
1017 1555 1102 1615 deam
1114 1555 1214 1633 templo

221 1643 331 1705 reddat.
368 1659 435 1702 mox
450 1641 616 1702 vehiculum
632 1649 662 1702 et
675 1649 771 1702 vestes
786 1650 824 1721 et,
838 1643 864 1702 si
878 1642 1000 1703 credere
1014 1641 1096 1722 velis,
1112 1660 1214 1703 numer

220 1735 317 1812 ipsum
336 1738 450 1791 secreto
475 1728 540 1790 lacu
559 1728 698 1790 abluitur.
734 1731 812 1790 servi
826 1731 1008 1811 ministrant,
1028 1748 1102 1809 quos
1124 1734 1214 1793 statiu

220 1821 298 1880 idem
312 1818 392 1880 lacus
407 1818 513 1879 baurit.
541 1835 665 1878 arcanus
680 1817 748 1878 binc
764 1824 860 1878 terror
874 1826 1033 1898 sanctaque
1047 1820 1215 1897 ignorantia,

221 1908 291 1986 qtrid
306 1909 345 1967 sit
358 1905 440 1986 illud,
456 1907 533 1985 quod
548 1913 662 1967 tantum
676 1907 803 1984 perituri
816 1905 924 1967 vident.

285 1992 337 2056 41.
360 1994 399 2055 Et
416 1996 489 2055 haec
508 1995 626 2072 quidem
645 2012 714 2072 pars
733 1993 899 2055 Sueborum
920 1997 951 2056 in
970 1997 1133 2057 secretiora
1153 1997 1215 2057 Ger·

220 2085 333 2144 maniae
355 2085 531 2161 porrigitur:
553 2085 687 2162 propior,
710 2090 753 2162 ut,
776 2083 935 2161 quomodo
953 2083 1040 2161 paulo
1060 2091 1128 2145 ante
1149 2085 1215 2145 libe

220 2190 304 2250 num,
329 2172 371 2230 sic
390 2188 469 2230 nunc
488 2169 652 2230 Danuvium
671 2187 790 2250 sequar,
814 2168 1090 2232 Hermundurorum
1109 2175 1216 2250 civitas,

220 2260 276 2320 lida
291 2259 442 2338 Romanis3
462 2275 555 2336 eoque
570 2257 640 2318 solis
654 2257 867 2318 Germanorum
881 2276 940 2318 non
953 2261 986 2319 in
1000 2262 1064 2339 ripa
1078 2278 1216 2322 commer-

190 2365 202 2405 η
222 2350 308 2426 cium,
325 2347 377 2408 sed
391 2348 509 2425 penitus
524 2353 611 2426 atque
626 2348 656 2405 in
671 2345 906 2424 splendidissima
920 2345 1038 2408 Raetiae
1053 2351 1216 2427 provinciae

220 2435 341 2498 colonia.
373 2437 483 2515 passim
502 2436 564 2495 sine
580 2433 702 2495 custode
717 2442 884 2516 transeunt3
903 2444 1014 2496 etcum
1029 2437 1140 2497 ceteris
1155 2456 1216 2516 gen·

221 2523 300 2585 tibus
314 2543 393 2586 arma
409 2523 494 2584 modo
507 2530 661 2602 castraque
675 2530 776 2583 nostra
788 2523 986 2604 ostendamus,
1000 2523 1047 2584 bis
1056 2524 1163 2586 domos
1175 2525 1216 2586 vil·

219 2611 1217 2692 lasquepatelecimusnonconcupiscentibus.inHermundurisblbis

219 2703 322 2780 oritur,
337 2700 446 2761 llumen
460 2698 603 2760 inclutum
614 2707 756 2760 etnotum
770 2698 853 2780 olim3
870 2717 949 2760 nunc
963 2707 1076 2760 tantum
1092 2702 1216 2762 auditur.

285 2787 336 2850 42.
361 2788 443 2848 quta
461 2785 685 2847 Hermunduros
699 2787 810 2848 Naristi
830 2805 863 2848 ac
878 2786 983 2848 deinde
998 2787 1182 2850 Marcomani
1196 2797 1217 2848 et

289 2939 334 3007 40,
350 2947 364 2994 1
383 2939 576 3010 Langobardos
593 2939 629 3008 B,
648 2939 818 3009 logobardos
836 2940 860 3006 b,
879 2939 1066 3008 longobardos
1083 2941 1125 3012 01
1143 2941 1216 2996 nobi·

218 3010 284 3066 libas
303 3012 378 3067 Boo
404 3014 408 3080 Ι
434 3018 449 3066 3
468 3027 500 3065 ac
518 3013 579 3066 Bb:
598 3013 628 3065 eb
646 3010 670 3065 0
691 3015 695 3077 t
720 3009 841 3080 Reudigi
861 3010 894 3078 O,
913 3009 1159 3080 VeusdigniBb1,
1190 3013 1216 3079 cl

220 3084 276 3149 Mf.
292 3099 321 3152 p.
335 3086 392 3140 257
416 3084 420 3148 l
446 3087 463 3134 4
482 3080 611 3135 Suarines
629 3082 720 3148 Boo,
738 3082 784 3136 sed
801 3083 833 3136 in
851 3081 867 3135 b
886 3081 1045 3136 Suardoner
1064 3090 1217 3146 correctum,

219 3154 253 3218 ef.
274 3155 329 3219 Ml.
344 3169 374 3223 p.
390 3157 448 3209 256
472 3155 477 3222 Ι
501 3151 657 3206 Nuithones
675 3153 710 3218 B,
729 3153 861 3206 nationes
880 3151 910 3208 b¹
934 3154 939 3221 1
964 3158 980 3206 6
998 3151 1134 3207 Neithum
1153 3155 1217 3216 Bit

217 3223 354 3277 Herthum
371 3224 534 3290 Rhenanus,
552 3222 687 3277 Hertham
705 3223 773 3277 coni.
793 3223 845 3277 olii
860 3225 864 3290 Ι
881 3228 896 3276 8
916 3223 1037 3277 castrum
1058 3223 1090 3290 0,
1109 3227 1217 3280 vastum

218 3293 388 3349 Freiasbeim
403 3296 439 3364 19
460 3294 662 3349 collocandos:
681 3308 715 3346 ea
730 3296 734 3356 t
752 3298 785 3346 14
802 3293 883 3364 nota]
902 3292 1009 3347 inmota
1027 3293 1217 3366 Fratedeoberp

219 3365 306 3435 ltunc
325 3365 420 3418 amata
438 3365 584 3434 Heraeusl
608 3370 639 3418 19
659 3362 741 3443 illud]
762 3361 792 3416 id
812 3362 836 3417 0
853 3369 858 3433 Ι
878 3364 957 3430 41,1
978 3363 1133 3420 Sueborum
1153 3367 1216 3423 Rae·

217 3451 322 3490 canoa:
341 3435 488 3489 uerborum
504 3438 507 3503 Ι
523 3433 570 3501 42,
591 3440 604 3487 1
624 3433 734 3487 Nariscr
752 3450 845 3506 morpo
864 3436 889 3503 b,
908 3433 1015 3489 Varisti
1035 3437 1090 3503 Mf.
1105 3453 1133 3506 p.
1149 3442 1214 3504 244}

217 3504 387 3560 marcomani
405 3505 442 3571 b¹,
461 3507 523 3560 item
541 3506 613 3559 otios
