2474 4068
219 179 285 242 266
569 174 739 230 CORNELII
757 175 881 230 TAOITI

219 325 303 386 bam:
318 319 447 402 ‘quando
467 321 585 383 dabitur
603 321 711 402 hostis,
735 322 851 400 quando
875 315 988 382 acies‘?'
1010 324 1152 404 veniunt,
1169 325 1231 384 ela·

219 411 313 473 tebris
337 413 399 472 suis
423 412 548 491 extrusi,
577 417 607 470 et
627 417 693 470 vota
712 411 865 487 virtusque
880 411 911 468 in
926 417 1041 491 aperto,
1070 415 1231 492 omniaque

220 517 313 579 prona
331 498 493 560 victoribus
514 507 602 577 atque
621 497 724 558 eadem
744 499 830 557 victis
844 496 974 558 adversa.
1007 516 1075 558 nam
1095 508 1135 560 ut
1150 519 1231 578 supe·

220 606 302 649 rasse
315 595 430 648 tantum
444 587 574 664 itineris,
593 583 680 646 silvas
695 587 832 666 evasisse,
846 587 989 646 transisse
1004 590 1159 648 aestuaria
1174 589 1230 667 pul·

180 699 208 739 so
222 676 326 737 chrum
351 693 385 734 ac
404 673 546 734 decorum
568 675 599 732 in
618 674 760 752 frontem,
779 675 820 733 ita
838 672 1020 751 fugientibus
1037 675 1229 752 periculosis·

222 765 295 824 sima
309 779 384 840 quae
407 760 495 821 bodie
518 763 719 839 prosperrima
738 769 822 842 sunt3
845 779 942 839 neque
965 763 1045 821 enim
1067 763 1162 823 nobis
1187 773 1230 823 aut

220 850 355 910 locorum
374 849 477 910 eadem
494 851 599 909 notitia
614 857 664 909 ant
682 857 900 909 commeatuum
918 850 1021 910 eadem
1039 849 1229 932 abundantis,

222 937 274 998 sed
287 955 393 998 manus
409 944 439 997 ct
453 955 533 998 arma
548 939 622 997 etin
636 936 683 997 his
698 938 803 996 omnia.
832 935 911 1015 quod
926 937 961 997 ad
975 955 1023 997 me
1038 940 1163 1019 attinet,
1179 942 1229 999 iam

220 1025 336 1104 pridem
349 1025 423 1085 mihi
437 1025 590 1086 decretum
600 1031 646 1085 est
659 1042 756 1103 neque
772 1025 921 1085 exercitus
935 1042 1031 1103 neque
1047 1025 1136 1086 ducis
1152 1035 1229 1104 terga

181 1136 208 1177 es
222 1122 285 1175 tuta
300 1132 373 1174 csse.
406 1113 530 1191 proinde
555 1120 584 1173 et
606 1111 730 1172 honesta
748 1130 829 1172 mors
842 1114 925 1190 turpi
938 1115 995 1172 vita
1010 1115 1121 1195 potior,
1146 1123 1180 1174 et
1193 1118 1228 1173 in·

222 1202 376 1262 columitas
391 1219 425 1261 ac
445 1201 536 1261 decus
551 1199 654 1260 eodem
668 1200 733 1260 loco
747 1201 803 1259 sita
818 1208 900 1279 sunt3
919 1218 974 1260 nec
987 1200 1154 1279 inglorium
1173 1203 1227 1261 fue·

222 1292 262 1350 rit
276 1291 306 1348 in
320 1291 386 1367 ipso
400 1295 547 1348 terrarum
562 1306 595 1348 ac
610 1294 732 1348 naturae
746 1287 804 1347 line
819 1283 983 1348 cecidisse?

293 1372 345 1436 34.
369 1371 413 1434 ‘Si
440 1392 531 1434 novae
559 1382 661 1453 gentes
689 1383 777 1454 atque
805 1377 904 1454 ignota
931 1377 1009 1436 acies
1037 1379 1228 1454 constitisset,

222 1462 348 1522 aliorum
367 1464 551 1522 exercituum
569 1461 711 1541 exemplis
729 1481 781 1522 vos
799 1463 948 1524 hortarer:
972 1481 1052 1524 nunc
1066 1472 1171 1525 vestra
1186 1465 1229 1524 de-

223 1568 292 1611 cora
315 1557 477 1629 recensete,
500 1557 613 1610 vestros
638 1549 738 1610 oculos
762 1553 951 1628 interrogate.
996 1550 1130 1632 bisunt,
1158 1570 1229 1632 quos

222 1639 357 1718 proximo
371 1656 447 1698 anno
461 1655 550 1698 uuam
564 1637 710 1716 legionem
724 1638 803 1698 furto
817 1641 914 1700 noctis
929 1638 1084 1717 adgressos
1100 1640 1229 1701 clamore

195 1726 407 1807 odebellastis3
434 1725 467 1785 hi
485 1733 653 1786 ceterorum
676 1725 886 1786 Britannorum
907 1727 1088 1805 fugacissimi
1102 1728 1229 1808 ideoque

223 1814 349 1875 tamdiu
364 1816 548 1893 superstites.
572 1832 630 1893 quo
645 1813 732 1874 modo
745 1812 831 1874 silvas
842 1814 993 1894 saltusque
1003 1817 1228 1894 penetrantibus

223 1902 417 1963 fortissimum
437 1901 575 1980 quodque
593 1901 701 1962 animal
719 1910 822 1962 contra
840 1919 941 1983 ruere,
959 1903 1063 1981 pavida
1078 1913 1107 1965 et
1121 1907 1228 1964 inertia

223 1991 288 2068 ipso
302 1991 427 2067 agminis
442 2007 513 2049 sono
528 1989 722 2070 pellebantur,
737 1991 780 2050 sic
795 1992 932 2050 acerrimi
946 1989 1158 2052 Britannorum
1174 1995 1226 2052 iam

223 2077 339 2154 pridem
353 2075 537 2156 ceciderunt,
561 2077 695 2155 reliquus
714 2086 760 2138 est
778 2095 920 2138 numerus
938 2079 1112 2156 ignavorum
1127 2087 1158 2139 et
1172 2099 1227 2140 me·

183 2187 209 2226 ro
224 2165 379 2223 tuentium.
404 2181 478 2241 quos
493 2163 572 2242 quod
585 2163 704 2224 tandem
718 2166 885 2245 invenistis,
903 2183 963 2225 non
978 2168 1163 2246 restiterunt,
1180 2167 1227 2227 sed

225 2249 403 2329 deprehensi
423 2258 506 2332 sunt3
542 2253 718 2312 novissimae
742 2269 791 2312 res
815 2260 844 2312 et
867 2261 998 2313 extremo
1021 2261 1104 2314 metu
1126 2262 1227 2333 torpor

224 2339 352 2400 defixere
367 2339 460 2399 aciem
474 2341 505 2398 in
519 2339 566 2399 his
580 2341 720 2419 vestigiis,
735 2341 766 2399 in
781 2339 889 2418 quibus
903 2340 1057 2418 pulchram
1072 2349 1101 2402 et
1116 2352 1227 2420 specta·

224 2427 313 2488 bilem
327 2428 480 2488 victoriam
495 2426 632 2487 ederetis.
665 2429 819 2506 transigite
834 2446 902 2488 cum
916 2428 1163 2511 expeditionibus,
1179 2432 1227 2490 im-

224 2517 325 2595 ponite
339 2517 551 2594 quinquaginta
565 2517 649 2575 annis
663 2533 802 2593 magnum
821 2515 911 2596 diem,
933 2516 1092 2594 adprobate
1111 2521 1156 2578 rei
1178 2537 1227 2596 pu-

184 2602 318 2666 sublicae
338 2621 499 2681 numquam
520 2604 665 2664 exercitui
681 2603 822 2682 imputari
835 2605 968 2681 potuisse
983 2612 1034 2665 aut
1047 2623 1146 2666 moras
1159 2606 1228 2668 belli

224 2697 275 2750 aut
290 2708 393 2750 causas
407 2685 589 2752 rebellandi?

295 2855 341 2924 38,
357 2863 390 2912 16
409 2855 484 2911 ecies
504 2857 668 2914 Rhenanus:
688 2857 797 2912 enimus
822 2861 826 2928 Ι
853 2865 886 2913 19
904 2859 1050 2915 transiisse
1067 2860 1096 2914 B
1116 2861 1172 2929 120
1190 2862 1227 2914 ita

223 2928 389 2982 Rhenanuss
408 2926 477 2982 item
493 2930 497 2998 t
514 2933 547 2982 25
568 2929 597 2981 et
613 2927 745 2984 honesta.
757 2973 762 2984 .
773 2927 867 2998 potior
881 2933 977 3000 posuit
994 2931 1155 3002 Neppcrdey
1167 2936 1227 3000 post

225 2996 280 3052 situ
298 2998 364 3051 sunt
380 3000 417 3064 (c.
435 3001 485 3066 26)
502 2999 587 3054 deleto
606 3000 634 3052 et
652 3005 715 3054 aete
732 2998 864 3054 incolum.
885 3003 890 3069 Ι
910 3001 990 3068 84‚5
1011 3003 1167 3055 ceterorum
1180 3018 1226 3071 po·

224 3071 281 3125 suit
298 3069 425 3125 Bdlercus
441 3074 502 3138 post
519 3067 639 3137 ideoque
655 3073 659 3140 Ι
676 3075 691 3124 7
711 3085 822 3138 quoque
838 3075 842 3141 Ι
858 3077 938 3126 ruere
956 3073 1096 3140 nuendum
1109 3088 1164 3126 esse
1176 3088 1226 3126 mo·

223 3139 288 3194 uuit
305 3139 433 3209 Speupel,
451 3138 553 3193 ruebat
571 3141 725 3206 Audresen,
743 3143 839 3195 rueret
861 3139 966 3196 Urlichs
986 3144 990 3210 Ι
1015 3146 1032 3195 8
1050 3140 1121 3210 pelli
1139 3140 1227 3195 solent

228 3209 297 3263 Wec
313 3211 318 3279 Ι
335 3215 365 3263 11
381 3211 478 3278 torpor
495 3210 598 3266 Ritterr
617 3226 734 3279 corpora
752 3209 908 3280 (novissimi
925 3211 1040 3264 haesere
1059 3212 1088 3264 et
1106 3213 1225 3266 extremo

224 3279 302 3331 metu
325 3294 358 3332 ec
380 3280 494 3349 torpore
517 3280 637 3334 defixere
661 3279 751 3334 eciem
769 3282 976 3350 Bezzenberper,
998 3280 1168 3336 novissimae
1186 3298 1225 3335 res

225 3349 349 3401 extremo
367 3351 444 3402 metu
462 3365 579 3419 corpora
597 3350 717 3404 defixere
740 3355 800 3418 (om.
820 3351 918 3419 eciem)
942 3351 1025 3418 Weo,
1056 3367 1120 3407 nov.
1139 3367 1183 3406 res
1201 3353 1226 3404 et

225 3419 364 3542 extreprus
378 3420 473 3541 pietus
491 3421 604 3488 torpore
623 3420 743 3475 defixere
762 3436 786 3474 a.
811 3420 975 3490 Schoinous)
1000 3422 1005 3490 Ι
1032 3425 1065 3476 15
1083 3421 1224 3490 imputare,

225 3503 272 3541 em.
318 3493 377 3543 uteo
388 3504 459 3543 auus
