2474 4068
265 212 360 268 omn.
377 212 426 266 on
446 211 674 268 ocnronfflus
693 219 771 270 e-c.
959 215 1024 278 279

86 356 230 421 ‘Securus
249 353 300 419 sit'
318 361 415 437 inquit
433 360 512 437 Aper
531 355 572 420 ‘et
591 359 705 420 Saleius
718 360 827 420 Bassus
841 367 872 420 et
889 361 1025 439 quisquis

19 447 94 507 alius
107 447 241 508 studium
254 449 388 524 poeticae
407 454 437 507 et
451 449 614 507 carminum
629 447 751 525 gloriam
765 447 856 527 foret,
875 465 943 507 cum
957 466 1024 509 cau·
1038 472 1066 514 ae

20 553 66 594 sas
86 553 172 614 agere
191 553 253 595 non
270 535 372 613 possit.
396 537 557 616 egoenim,
576 543 721 613 quatenus
738 534 882 595 arbitrum
896 533 957 595 litis
970 534 1024 596 hu·

20 625 65 682 ius
84 625 198 704 inveni,
216 640 277 682 non
295 623 392 700 patiar
408 621 575 683 Maternum
593 624 733 683 societate
753 623 884 701 plurium
898 622 1025 702 delendi,

19 711 69 769 sed
88 713 189 790 ipsum
208 708 303 770 solum
325 708 403 787 apud
417 727 469 770 vos
483 728 616 790 arguam,
637 710 715 788 quod
734 720 821 772 uatus
836 711 871 772 ad
886 709 1024 789 eloquen-

19 801 88 857 tiam
107 797 224 858 virilem
242 804 273 858 et
292 799 459 878 oratoriam,
481 815 538 876 qua
556 816 661 876 parere
680 798 768 859 simul
786 806 815 859 et
833 800 912 859 tueri
926 799 1025 858 amici·

18 889 86 965 tias,
105 884 273 946 adsciscere
291 884 539 965 necessitudines,
563 885 719 964 complecti
735 887 903 964 provincias
921 887 1064 966 possit,1s

18 975 129 1034 omittit
145 973 286 1052 studium,
302 990 361 1051 quo
375 991 434 1033 non
453 972 532 1034 aliud
546 975 577 1033 in
592 975 709 1033 civitate
723 982 825 1034 nostra
839 973 884 1034 vel
898 973 934 1033 ad
948 974 1025 1035 utili·

21 1068 109 1121 tatem
124 1061 308 1122 fructuosius
322 1065 371 1122 ecl
382 1063 426 1122 od
435 1064 613 1137 voluptatem
624 1062 743 1123 dulcius
752 1060 797 1120 vel
807 1061 843 1120 ad
853 1060 1024 1138 dignitatem

18 1149 145 1227 amplius
159 1148 206 1208 vel
221 1148 257 1209 ad
271 1147 356 1209 urbis
369 1148 475 1208 lamam
489 1148 643 1226 pulchrius
653 1148 698 1208 vel
708 1148 743 1208 ad
753 1150 845 1209 totius
854 1149 973 1225 imperii
984 1155 1025 1208 at·

18 1255 73 1314 que
100 1238 236 1296 omnium
259 1238 392 1314 gentium
415 1237 548 1296 notitiam
566 1234 723 1296 inlustrius
742 1237 902 1315 excogitari
919 1243 1025 1314 potest.

18 1342 82 1384 nam
98 1327 126 1384 si
141 1323 179 1384 ad
193 1322 350 1384 utilitatem
364 1325 440 1384 vitae
455 1325 552 1383 omnia
566 1323 689 1384 consilia
700 1323 835 1403 iactaque
844 1330 946 1384 nostra
955 1323 1025 1384 diri·
1039 1347 1066 1387 ao

17 1412 113 1489 ganda
133 1419 218 1491 sunt,
237 1410 308 1490 quid
327 1418 373 1471 est
391 1413 486 1471 tutius
508 1429 594 1489 quam
609 1429 674 1472 eam
687 1429 827 1473 exercere
841 1419 948 1492 artem,
968 1429 1025 1491 qua

18 1517 137 1578 semper
148 1506 278 1559 armatus
288 1499 469 1577 praesidium
481 1501 591 1578 amicis,
606 1517 691 1577 opem
705 1499 818 1580 alienis,
836 1500 961 1561 salutem
975 1518 1024 1578 pe·

18 1586 228 1666 riclitantibus,
242 1585 350 1646 invidis
365 1605 435 1646 vero
449 1593 480 1646 et
492 1588 621 1647 inimicis
630 1596 742 1648 metum
752 1595 782 1648 et
791 1595 937 1648 terrorem
945 1588 1024 1647 ultro

18 1677 110 1756 ieras,
133 1677 199 1753 ipse
223 1692 347 1735 securus
371 1682 401 1735 et
423 1673 503 1735 velut
526 1674 650 1753 quadam
672 1682 816 1752 perpetua
841 1675 972 1752 potentia
991 1692 1025 1734 ac

19 1769 166 1840 potestate
184 1758 340 1823 munitus?
358 1764 443 1823 cuius
461 1764 505 1823 vis
523 1769 553 1822 et
572 1761 683 1823 utilitas
701 1760 791 1822 rebus
811 1778 953 1841 prospere
972 1760 1025 1821 llu-
1040 1784 1066 1825 aa

18 1851 138 1911 entibus
162 1849 286 1910 aliorum
300 1851 436 1929 perfugio
451 1858 481 1910 et
494 1849 585 1910 tutela
599 1848 793 1928 intellegitur:
811 1850 858 1909 sin
872 1850 1026 1926 proprium

17 1938 186 2017 periculum
201 1939 357 2017 increpuit,
371 1955 432 1998 non
446 1937 566 1998 hercule
580 1937 672 1997 lorica
686 1944 716 1997 et
729 1936 844 2016 gladius
857 1938 889 1997 iu
903 1938 965 1996 acie
978 1936 1026 1996 iir-

19 2030 97 2087 mius
112 2028 330 2086 munimentum
345 2043 433 2104 quam
447 2042 498 2086 reo
513 2033 543 2087 et
555 2024 736 2104 periclitanti
752 2023 928 2106 eloquentia,
942 2041 1025 2103 prae·

17 2115 129 2175 sidium
150 2113 237 2174 simul
255 2131 290 2174 ac
309 2113 415 2194 telum,
434 2132 493 2192 quo
507 2131 694 2192 propugnare
708 2115 819 2192 pariter
834 2120 863 2174 et
877 2116 1026 2174 incessere

17 2207 78 2263 sire
94 2204 128 2261 in
142 2200 254 2262 iudicio
268 2203 329 2262 sive
343 2203 375 2261 iu
384 2210 490 2262 senatu
500 2204 560 2262 sire
570 2201 648 2280 apud
658 2203 823 2282 principem
832 2204 937 2280 possis.
955 2200 1025 2281 quid
1040 2223 1067 2264 ao

19 2290 99 2351 aliud
114 2289 233 2350 iniectis
246 2288 381 2369 patribus
395 2306 490 2367 nuper
505 2289 613 2368 Eprius
625 2288 780 2351 Marcellus
791 2308 878 2369 quam
888 2289 1026 2367 eloquen-

18 2382 89 2438 tiam
105 2393 192 2438 suam
202 2374 362 2455 opposuit?
374 2395 431 2456 qua
441 2379 592 2438 accinctus
601 2385 631 2438 et
640 2380 738 2438 minax
748 2376 888 2438 disertam
899 2375 1027 2456 quidem,

19 2467 69 2528 sed
85 2467 312 2526 inexercitatam
330 2472 359 2525 et
378 2467 442 2525 eius
461 2465 540 2526 modi
563 2467 757 2525 certaminum
778 2465 882 2525 rudem
900 2462 1027 2522 Helvidii

19 2555 197 2632 sapientiam
211 2552 306 2614 elusit.
324 2551 409 2630 plura
420 2552 456 2612 de
466 2551 593 2613 utilitate
602 2570 662 2612 nou
672 2552 746 2633 dico,
761 2554 811 2612 cui
819 2552 1026 2629 partiminime

18 2650 124 2702 contra
141 2641 289 2701 dicturum
304 2639 469 2701 Maternum
483 2658 583 2700 meum
597 2639 734 2700 arbitror.
1040 2661 1066 2703 ss

86 2727 118 2790 6.
146 2728 191 2788 lo
208 2728 387 2806 voluptatem
410 2730 556 2789 oratoriae
577 2727 762 2807 eloquentiae
781 2734 913 2809 transeo,
940 2728 1027 2789 cuius

90 2969 120 3036 5,
135 2973 168 3021 11
188 2982 240 3036 ego
262 2967 404 3022 Pithoeus:
424 2968 453 3020 ec
471 2982 523 3035 ego
549 2971 553 3036 Ι
579 2973 611 3022 12
631 2967 725 3022 inveni
744 2968 882 3024 Rtlocus:
906 2965 1027 3020 muenin

19 3037 190 3108 (invenimus
208 3038 243 3092 A.
264 3037 407 3107 Wapener)
424 3039 428 3106 Ι
444 3036 565 3108 plurium
581 3039 721 3094 Pithoeus:
739 3037 889 3106 plurimum
904 3039 909 3104 Ι
926 3042 958 3089 13
976 3052 1026 3090 ros

19 3110 151 3178 Lipsius:
180 3123 227 3162 eos
247 3109 323 3178 (eum
342 3107 468 3188 Speopei,
496 3124 526 3162 sc
545 3124 695 3177 coarguam
713 3109 869 3172 Andreeen,
886 3107 915 3159 te
933 3120 1026 3186 cotug.

22 3178 226 3247 Weissenborn)
243 3180 247 3245 Ι
265 3183 297 3232 15
315 3178 498 3232 necesutctes
509 3179 557 3233 Bb
573 3181 578 3248 Ι
595 3183 628 3232 to
644 3175 750 3232 omittit
757 3176 919 3231 litteriones:
934 3176 1028 3230 amrtti

21 3249 25 3320 Ι
42 3257 77 3304 ta
96 3247 144 3304 vel
163 3248 199 3302 ad
216 3247 271 3304 vol.
286 3246 431 3302 honestius
446 3247 566 3316 (dulcius
581 3248 681 3315 nitur,
699 3245 847 3300 iucundius
860 3246 1028 3320 Nipperdey,

20 3320 136 3373 suavius
155 3317 276 3387 Olooson)
295 3320 430 3388 supplevit
447 3318 590 3388 Sciuitinp
618 3323 623 3388 Ι
651 3324 686 3373 20
704 3316 858 3387 derigenda
875 3318 1001 3373 Biltrens
1021 3317 1025 3390 Ι

20 3397 53 3445 21
73 3388 173 3443 utilius
186 3390 333 3445 Acidaliae
348 3394 353 3458 Ι
369 3395 404 3443 24
421 3387 494 3444 feras
509 3389 636 3458 Lepsios:
655 3387 728 3442 ferat
743 3389 747 3454 Ι
763 3394 796 3443 27
815 3387 923 3457 inrupit
935 3388 1028 3444 Wcin·

20 3463 102 3529 louff
127 3461 132 3530 Ι
159 3459 249 3515 lorica
267 3459 296 3513 et
315 3460 440 3515 Secbodc:
458 3459 563 3514 loricse
583 3456 681 3528 (lorica
700 3459 749 3513 aut
767 3458 928 3529 Rhotanos)
958 3463 962 3526 Ι
992 3463 1027 3514 80

21 3531 79 3586 sive
100 3532 176 3601 (acite
193 3528 224 3584 in
241 3529 310 3598 iud.)
330 3531 470 3586 Muretus:
489 3529 536 3584 uel
552 3531 556 3598 Ι
572 3535 605 3584 32
625 3544 682 3598 qua
703 3527 831 3585 Ursinus
851 3527 900 3596 qui
