2474 4068
161 153 226 216 258
506 148 675 204 CORNELII
693 148 814 204 unum

162 298 346 360 circumcisis
366 298 490 376 quaein
510 304 665 375 quaestum
683 302 802 374 reperta
821 297 885 375 ipso
910 293 1022 355 tributo
1047 297 1181 373 gravius

122 408 147 450 rc
161 384 371 448 tolerabantur.
403 401 529 462 namque
552 401 606 461 per
626 382 788 443 ludibrium
809 382 945 444 adsidere
968 382 1076 444 clausis
1102 382 1181 444 bor-

161 475 221 534 reis
240 481 270 534 et
289 490 387 532 emere
406 471 484 532 ultro
499 473 647 532 frumenta
661 467 841 550 ac†ludere
860 471 956 549 pretio
976 470 1177 550 cogebantur.

161 561 293 622 devortia
319 561 461 620 itinerum
488 565 518 618 et
542 558 742 636 longinquitas
778 559 933 636 regionum
965 558 1178 639 indicebatur,

160 659 194 709 ut
204 651 338 710 civitates
349 665 407 724 pro
417 647 558 725 proximis
572 644 705 706 hibernis
715 647 746 705 in
756 653 868 707 remota
883 653 913 706 et
927 649 990 707 avia
1005 646 1175 726 deterrent,

161 736 254 797 donec
287 734 366 813 quod
398 732 535 794 omnibus
565 735 597 793 in
623 740 763 813 promptu
791 742 855 794 erat
880 734 984 813 paucis
1011 734 1175 795 lucrosum

122 846 148 888 eo
161 825 253 884 lieret.
1050 880 1052 884 ,

226 907 279 972 20.
302 908 381 969 Haeo
399 910 496 987 primo
516 910 615 970 statim
633 926 711 968 anno
731 909 951 987 comprimendo
966 911 1115 988 egregiam
1129 910 1178 970 ia·

160 1017 237 1059 mam
251 999 317 1078 paci
332 996 536 1077 circumdedit,
551 1015 626 1076 quae
640 996 687 1057 rel
700 998 815 1056 incuria
830 996 875 1057 rel
888 996 1074 1058 intolerantia
1088 999 1177 1076 prio-

161 1105 228 1147 rum
241 1085 320 1147 haud
338 1087 438 1146 minus
453 1103 540 1164 quam
554 1084 665 1145 bellum
678 1082 846 1144 timebatur.
875 1085 928 1145 sed
943 1084 995 1145 ubi
1009 1092 1105 1146 aestas
1121 1087 1177 1146 ad-

161 1176 254 1254 venit,
275 1180 426 1234 contracto
446 1175 579 1233 exercitu
593 1171 703 1233 mrdtus
722 1173 754 1232 in
772 1175 901 1252 agmine,
929 1173 1048 1233 laudare
1068 1174 1176 1233 mode·

135 1284 148 1326 s
163 1265 256 1341 stiam,
272 1261 411 1322 disiectos
426 1265 580 1340 coercere3
607 1260 671 1321 loca
685 1261 791 1320 castris
804 1262 868 1338 ipse
883 1278 998 1340 capere,
1020 1263 1174 1322 aestuaria

161 1369 195 1412 ac
209 1349 298 1410 silvas
311 1351 376 1427 ipse
384 1354 614 1427 praetemptare;
628 1355 659 1407 et
671 1346 747 1407 nibil
760 1349 880 1409 interim
894 1349 971 1427 apud
982 1348 1076 1409 bostis
1087 1351 1174 1427 quie-

161 1445 225 1499 tum
243 1439 319 1516 pati,
346 1453 404 1514 quo
423 1436 522 1495 minus
541 1433 648 1495 subitis
666 1434 841 1496 excursibus
850 1435 1057 1517 popularetur3
1080 1443 1174 1515 atque

162 1525 214 1586 ubi
228 1527 299 1585 satis
313 1530 475 1603 terruerat,
489 1522 637 1601 parcendo
651 1541 757 1584 rursus
771 1525 962 1584 inritamenta
975 1526 1056 1602 pacis
1071 1533 1174 1586 osten·

139 1680 143 1686 ,
161 1621 237 1684 ητα,
264 1611 373 1692 quibus
396 1610 486 1671 rebus
500 1610 610 1672 multae
623 1612 769 1692 civitates,
798 1613 922 1691 quaein
941 1611 1025 1672 illurn
1039 1611 1118 1672 diem
1133 1631 1173 1672 ex

124 1724 149 1764 ro
163 1719 257 1780 aequo
276 1707 409 1780 egerant,
438 1699 514 1760 datis
533 1698 685 1760 obsidibus
704 1701 779 1759 iram
798 1717 925 1778 posuere
932 1746 940 1780 ,
969 1707 999 1759 et
1012 1701 1174 1778 praesidiis

162 1787 349 1867 castellisque
364 1787 571 1868 circumdatae,
585 1795 666 1848 tanta
680 1789 794 1847 ratione
809 1804 948 1867 curaque,
962 1795 997 1848 ut
1010 1786 1090 1848 nulla
1100 1795 1173 1849 ante

162 1876 330 1937 Britanniae
344 1894 418 1936 nova
436 1893 506 1954 pars
513 1878 638 1950 pariter
655 1874 814 1935 illacessita
827 1877 987 1936 transierit.

228 1961 280 2024 21.
304 1963 439 2042 Sequens
448 1963 543 2023 hiems
553 1961 755 2023 saluberrimis
763 1962 894 2024 consiliis
904 1962 1069 2041 absumpta.
1086 1981 1170 2024 nam·

163 2070 221 2131 que
248 2058 282 2110 ut
308 2050 443 2110 homines
471 2049 598 2128 dispersi
624 2069 658 2111 ac
681 2050 772 2111 rudes
795 2068 889 2130 eoque
914 2053 946 2110 in
969 2049 1045 2111 bella
1068 2051 1172 2111 faciles

164 2139 258 2217 quieti
276 2145 306 2197 et
324 2139 383 2197 otio
405 2155 459 2215 per
476 2137 641 2216 voluptates
659 2138 882 2219 adsuescerent,
896 2139 1010 2200 hortari
1023 2141 1173 2220 privatim,

164 2226 302 2286 adiuvare
316 2223 443 2306 publice,
461 2232 494 2285 ut
508 2224 617 2304 templa
631 2226 694 2285 lora
708 2226 810 2287 domos
825 2234 1006 2308 extruerent,
1021 2227 1170 2288 laudando

137 2320 318 2393 rpromptos
342 2320 372 2373 et
394 2312 563 2391 castigando
583 2330 701 2392 segnes:
728 2315 769 2374 ita
791 2313 913 2376 honoris
936 2315 1092 2376 aemulatio
1115 2333 1172 2394 pro

164 2404 341 2463 necessitate
355 2408 427 2463 erat.
449 2403 507 2461 iarn
521 2418 590 2461 vero
600 2403 769 2481 principum
783 2402 859 2463 lilios
873 2401 1045 2464 liberalibus
1054 2402 1172 2464 artibus

165 2491 296 2571 erudire,
320 2497 350 2550 et
368 2491 486 2568 ingenia
499 2488 709 2550 britannorum
728 2489 834 2551 studiis
849 2489 998 2554 Gallorum
1014 2491 1174 2571 anteferre,

164 2586 198 2640 ut
212 2581 263 2656 qui
276 2578 363 2640 modo
377 2578 508 2655 lingnam
517 2576 677 2638 Romanam
693 2577 870 2658 abnuebant,
890 2577 1087 2658 eloquentiam
1102 2597 1173 2640 con-

164 2668 361 2744 cupiscerent.
397 2665 466 2726 inde
486 2667 574 2726 etiam
594 2664 714 2726 babitus
736 2668 834 2726 nostri
855 2665 952 2727 bonor
975 2674 1005 2727 et
1028 2667 1172 2746 frequens

235 2833 280 2900 19,
297 2837 330 2886 14
348 2831 573 2902 circumcisisque
591 2849 663 2900 quae
681 2833 853 2891 Henrr‘rbeeo
868 2836 873 2902 l
890 2840 923 2890 16
942 2849 976 2889 ac
994 2835 1071 2890 luere
1094 2835 1174 2903 Wee,

164 2921 197 2960 ac
215 2902 358 2958 recludere
377 2902 488 2971 Hutter,
507 2919 540 2957 ac
558 2901 638 2958 liceri
656 2904 789 2973 Heraeus,
808 2905 932 2959 auctiora
950 2905 1043 2974 pretio
1058 2905 1173 2973 Urlichs,

165 2973 366 3056 agricultores
385 2975 437 3042 (ccl
455 2972 607 3043 agricolae)
627 2973 740 3031 Olooson
759 2977 764 3044 l
790 2982 822 3031 17
843 2975 973 3043 divortio,
993 2993 1040 3032 em.
1055 2975 1174 3046 Lipsius

166 3043 379 3117 imdicebontur
396 3044 534 3115 Ruperti!
552 3049 585 3098 18
602 3061 653 3114 pro
672 3047 736 3102 odd.
755 3046 951 3116 Bezzenbcrqer
969 3052 994 3102 et
1012 3045 1148 3103 Frdbla'cb
1168 3048 1172 3120 Ι

165 3116 237 3182 20‚4
255 3115 416 3184 multumB
435 3122 460 3171 et
477 3117 603 3184 cornui}
620 3122 636 3170 6
654 3115 750 3170 hostes
769 3118 797 3170 A
812 3119 817 3187 1
834 3123 849 3172 t
867 3116 1020 3186 popularet
1036 3118 1065 3172 B
1080 3120 1084 3188 Ι
1101 3123 1117 3172 8
1136 3117 1174 3170 ir-

165 3187 330 3254 ritamento,
348 3203 395 3242 em.
414 3186 560 3242 Aeidolius
579 3191 604 3242 ct
622 3187 736 3256 Iapetus
765 3189 770 3255 Ι
801 3193 831 3242 11
851 3187 934 3241 tanta
951 3187 1114 3244 libertabus:
1146 3190 1176 3243 ei

166 3257 246 3311 tanto
265 3257 305 3326 (et
322 3257 343 3310 t.
361 3274 384 3310 r.
404 3271 524 3324 curaque
541 3256 656 3312 habitae
675 3257 774 3326 Ritter)
796 3259 800 3327 Ι
824 3256 1064 3326 repetitarum.
1088 3257 1175 3314 Weis-

166 3329 294 3394 senborn,
320 3326 363 3380 ito
379 3326 507 3394 Brundi,
534 3328 594 3380 tarn
617 3326 735 3396 Urlichs,
761 3327 877 3397 perinde
896 3329 986 3384 Ritter
1005 3331 1089 3398 (pars.
1109 3329 1175 3383 Ille

167 3398 268 3452 censita
285 3394 402 3450 transiit
420 3412 537 3464 sequens
555 3398 584 3451 h.
603 3397 713 3465 Sosius)
734 3399 738 3464 1
763 3398 809 3464 21,
826 3404 838 3451 1
860 3399 1017 3470 adsumpta,
1037 3417 1084 3456 cor.
1104 3400 1175 3456 Rbe-

166 3483 258 3523 nonus
278 3468 282 3537 Ι
302 3471 318 3521 2
338 3467 413 3522 bello
431 3468 545 3523 Rosius:
564 3466 639 3520 bello
660 3466 775 3535 (bellurn
794 3468 955 3538 Rhenanus)
