2474 4068
210 213 275 276 272
560 207 864 263 consummamur

211 360 296 419 Asiae
311 359 477 437 sortiretur,
501 366 531 418 et
545 358 643 416 occiso
657 355 754 415 Civica
768 373 865 434 nuper
878 374 934 424 nec
953 356 1108 434 Agricolae
1124 361 1218 418 consi-

210 445 284 506 lium
307 445 408 506 deerat
431 463 486 506 nec
508 444 673 504 Domitiano
700 442 875 520 exemplum.
917 461 1071 504 accessere
1099 445 1217 522 quidam

101 545 108 556 ·
212 535 422 612 cogitationum
441 534 584 611 principis
602 533 704 610 periti,
737 533 788 608 qui
806 532 943 591 iturusne
963 540 1043 592 esset
1056 533 1087 591 in
1101 534 1218 611 provin-

185 645 198 687 o
213 623 288 682 ciam
302 619 381 682 ultro
391 620 557 698 Agricolam
566 621 792 696 interrogarent.
816 636 849 678 ac
863 621 961 696 primo
976 619 1124 680 occultius
1140 622 1218 699 quie-

212 719 273 770 tem
287 717 317 769 et
331 710 424 768 otium
436 707 572 786 laudare,
595 724 662 765 mox
682 723 801 783 operam
820 723 905 766 suam
923 709 954 767 in
969 706 1158 786 adprobanda
1174 726 1218 766 ex·

213 797 365 857 cusatione
380 796 500 875 offerre,
513 802 664 872 postremo
678 811 738 853 non
752 794 809 853 iam
824 792 947 854 obscuri
960 795 1119 855 suadentes
1133 794 1218 855 simul

213 890 421 962 terrentesque
444 890 615 960 pertraxere
634 881 670 941 ad
689 879 896 942 Domitianum.
920 884 973 959 qui
991 892 1112 960 paratus
1131 885 1218 944 simu-

213 971 335 1052 latione,
360 974 391 1032 in
411 969 610 1048 adrogantiam
629 969 823 1046 compositus,
847 978 877 1030 et
895 968 990 1030 audiit
1007 988 1114 1048 preces
1133 989 1218 1031 excu-

174 1083 201 1125 so
216 1061 307 1120 santis
322 1068 360 1140 et,
374 1077 443 1119 cum
457 1057 617 1137 adnuisset,
635 1059 682 1134 agi
696 1054 754 1115 sibi
767 1056 877 1133 gratias
890 1075 997 1136 passus
1011 1066 1066 1137 est,
1084 1077 1140 1118 nec
1154 1076 1217 1118 eru·

215 1148 281 1208 buit
298 1146 434 1207 beneficii
451 1146 567 1206 invidia.
601 1143 740 1204 salarium
758 1149 857 1203 tamen
874 1145 1088 1222 proconsulare
1101 1145 1218 1206 solitum

216 1237 316 1296 offerri
335 1243 365 1294 et
384 1232 561 1312 quibusdam
580 1251 597 1292 a
617 1250 648 1292 se
663 1233 727 1310 ipso
743 1248 918 1292 concessum
931 1231 1085 1310 Agricolae
1098 1251 1158 1294 non
1175 1234 1217 1293 de·

216 1323 268 1402 dit,
291 1324 352 1381 sive
367 1321 496 1381 offensus
511 1338 570 1380 non
583 1321 718 1399 petitum,
743 1320 804 1378 sive
820 1336 856 1378 ex
875 1323 1066 1402 conscientia,
1085 1339 1123 1380 ne
1143 1321 1217 1400 quod

215 1416 350 1469 vetuerat
359 1409 509 1468 videretur
520 1409 634 1467 emisse.
652 1408 808 1485 proprium
817 1405 938 1467 humani
947 1409 1059 1486 ingenii
1069 1418 1115 1469 est
1124 1409 1218 1469 odisse

177 1521 203 1561 ae
218 1514 306 1576 quem
320 1495 456 1556 laeseris:
480 1494 639 1554 Domitiani
658 1512 726 1554 vero
746 1502 852 1554 natura
870 1513 1012 1574 praeceps
1031 1498 1062 1557 in
1081 1498 1170 1576 iram,
1193 1504 1219 1555 et

218 1603 276 1664 quo
291 1583 461 1663 obscurior,
489 1583 523 1642 eo
546 1581 785 1661 inrevocabilior,
811 1581 1012 1644 moderatione
1036 1594 1135 1646 tamen
1152 1603 1218 1663 pru·

217 1667 375 1750 dentisque
388 1669 540 1750 Agricolae
559 1669 733 1750 leniebatur,
758 1671 904 1749 quianon
923 1675 1107 1732 contumacia
1126 1691 1219 1751 neque

217 1763 299 1822 inani
311 1761 468 1820 iactatione
482 1757 627 1818 libertatis
641 1757 909 1837 famam'latumque
918 1759 1105 1837 provocabat.
1121 1763 1219 1839 sciant,

218 1847 327 1927 quibus
341 1849 431 1908 moris
446 1855 492 1906 est
505 1845 618 1906 inlicita
631 1848 746 1926 mirari,
764 1863 852 1924 posse
872 1847 960 1907 etiam
975 1847 1030 1908 sub
1045 1847 1129 1908 malis
1143 1851 1218 1927 prin·

174 1961 204 2000 so
218 1935 334 2015 cipibus
348 1953 468 2014 magnos
483 1936 561 1994 viros
576 1951 650 2014 esse,
682 1933 917 2012 obsequiumque
938 1953 971 1996 ac
990 1935 1179 2016 modestiam,
1197 1937 1219 1994 si

217 2025 363 2084 industria
381 2041 415 2083 ac
435 2025 517 2100 vigor
531 2021 640 2100 adsint,
659 2039 693 2081 eo
708 2021 803 2082 laudis
818 2022 991 2104 escendere,
1011 2041 1069 2102 quo
1088 2023 1218 2102 plerique

217 2129 271 2190 per
295 2109 432 2190 abrupta,
455 2109 507 2169 sed
530 2110 562 2169 in
585 2108 700 2168 nullum
718 2110 763 2168 rei
785 2108 923 2187 publicae
946 2128 1047 2191 usum,
1070 2110 1219 2172 ambitiosa

218 2207 313 2258 morte
328 2197 539 2257 inclaruerunt.

285 2283 336 2346 43.
361 2284 443 2344 Finis
466 2286 541 2345 vitae
561 2285 625 2344 eius
649 2283 734 2344 nobis
753 2283 922 2365 luctuosus,
941 2287 1043 2346 amicis
1058 2288 1163 2367 tristis,
1177 2306 1219 2346 eu-

219 2375 330 2434 traneis
350 2375 438 2434 etiam
457 2373 624 2450 ignotisque
643 2389 703 2433 non
722 2374 786 2433 sine
805 2391 876 2433 cura
895 2373 958 2434 luit.
983 2373 1088 2452 vulgus
1107 2393 1218 2454 quoque

220 2471 250 2523 et
270 2462 318 2522 hic
337 2462 416 2522 aliud
433 2478 522 2538 agens
540 2459 667 2538 populns
686 2468 716 2520 et
735 2462 914 2520 ventitavere
934 2461 970 2522 ad
985 2461 1106 2522 domum
1125 2471 1154 2523 et
1171 2480 1220 2540 per

220 2551 283 2610 lora
298 2557 328 2609 et
342 2549 469 2610 circulos
483 2549 575 2609 locuti
589 2555 672 2628 sunt,
686 2565 742 2608 neo
757 2550 913 2626 quisquam
928 2549 1029 2610 audita
1039 2558 1135 2610 morte
1143 2551 1220 2628 Agri·

188 2660 207 2702 :a
221 2637 301 2698 colae
320 2645 370 2697 aut
383 2637 508 2697 laetatus
527 2644 572 2696 est
587 2645 637 2696 aut
651 2637 750 2696 statim
765 2634 883 2696 oblitus.
920 2637 1045 2716 augebat
1064 2640 1220 2698 miseratio-

220 2743 288 2786 nem
303 2732 441 2784 constans
460 2742 562 2784 rumor
580 2741 692 2784 veneno
712 2725 925 2803 interceptum:
952 2725 1038 2786 nobis
1057 2725 1131 2785 nihil
1149 2743 1219 2786 oom-

220 2813 307 2891 perti,
331 2811 485 2871 adfirmare
499 2819 534 2871 ut
547 2814 648 2871 ausim.
682 2819 814 2874 ceterum
829 2830 884 2892 per
898 2832 1015 2874 omnem
1029 2813 1221 2875 valetudinem

221 2913 251 2966 el
268 2909 407 2980 Aphricee
424 2910 465 2976 Β,
492 2909 538 2963 Αι.
558 2911 607 2963 aut
626 2910 681 2980 (vel
699 2910 870 2982 Nipperdey)
888 2911 1000 2966 Africae
1020 2913 1150 2983 Iabeiua,
1175 2913 1219 2967 del.

225 2983 330 3038 Urlichs
345 2983 350 3052 Ι
366 2980 442 3048 41,a
462 2979 561 3034 odorat
578 2980 606 3035 Β
626 2985 631 3049 Ι
652 2987 667 3036 ‘1
686 2978 744 3035 iam
763 2983 926 3038 Rlcenonos:
945 2984 1028 3051 tam!
1054 2990 1069 3038 9
1088 2983 1119 3036 in
1136 2981 1221 3036 indul·

221 3053 345 3123 gentiam
365 3051 532 3107 Cornelissen
556 3052 560 3119 Ι
586 3057 618 3104 11
636 3052 834 3120 proconsulare
851 3053 1011 3109 Blcttcra'os:
1035 3051 1221 3124 proconsulari

222 3120 393 3193 (proconsuli
412 3120 553 3176 consulari
572 3123 725 3177 Mommsen
743 3123 779 3178 R.
799 3123 916 3179 Stootsr.
935 3124 962 3188 I,
975 3129 1032 3179 284
1049 3126 1090 3180 cd.
1109 3127 1140 3195 2)
1164 3125 1168 3192 Ι
1192 3129 1219 3176 21

222 3193 370 3247 escendere
392 3193 518 3263 Iapetus:
552 3193 685 3246 excedere
711 3193 854 3262 (secedere
882 3195 921 3249 H.
941 3194 1083 3265 Sabadioi
1114 3201 1147 3249 22
1166 3193 1210 3248 sed

222 3262 294 3316 enisi
312 3263 437 3318 Heracus
458 3267 461 3332 Ι
483 3260 513 3315 in
531 3262 640 3316 nullum
659 3261 746 3332 reip.
767 3265 908 3320 Muretus:
927 3265 957 3318 in
975 3265 1064 3319 ullum
1083 3265 1126 3320 rei
1143 3267 1204 3334 post

221 3349 303 3386 naum
322 3331 393 3385 enisi
411 3333 566 3388 Sebosianae
590 3335 594 3400 Ι
619 3333 697 3399 Aac
716 3334 745 3387 et
763 3350 813 3402 per
831 3335 896 3390 ciro.
914 3336 941 3388 Β
969 3338 972 3403 Ι
1003 3335 1162 3390 blactabus
1180 3337 1222 3388 eut

222 3418 315 3458 censor
334 3403 459 3456 lenensis
478 3420 503 3456 a.
524 3407 610 3471 1816,
630 3407 686 3458 127
702 3405 706 3472 Ι
722 3403 827 3459 oblitus
848 3407 990 3460 Muretus:
1010 3405 1117 3460 oblitus
1136 3408 1178 3462 esi
1191 3409 1221 3474 ΙΙ

220 3470 297 3538 quod
321 3471 376 3523 eds.
402 3472 559 3526 Acidaliae:
589 3473 699 3538 quodve
723 3476 774 3541 (ccl
797 3475 846 3528 snt
868 3475 953 3545 quod)
977 3475 1033 3531 adf.
1053 3477 1154 3545 Rittcr,
1178 3490 1222 3528 nec

217 3539 279 3595 eds.
299 3539 421 3607 moeste
439 3542 472 3594 ul
489 3542 552 3596 odd.
577 3542 647 3597 Wetc
665 3549 728 3598 arcte
746 3543 801 3599 edi.
