2474 4068
353 201 566 258 GERMANIAE
586 211 680 259 7—11.
955 206 1020 270 225

9 356 83 434 reri,
111 353 174 412 nisi
193 350 271 430 quod
290 353 407 429 signum
422 353 519 430 ipsum
533 354 564 412 in
578 352 698 413 modum
711 352 845 414 liburnae
861 355 1018 433 figuratum
1034 377 1047 417 s

9 443 96 502 locet
121 439 275 500 advectam
297 439 478 518 religionem.
516 448 647 501 ceterum
666 459 721 501 nec
744 441 883 502 cohibere
901 445 1020 520 parieti-

9 549 63 590 rus
84 529 163 588 deos
177 529 323 606 neque'in
337 527 426 588 ullam
439 527 560 589 humani
575 531 635 588 oris
650 530 779 606 speciem
794 529 969 591 adsimulare
985 549 1020 591 ex

9 616 218 695 magnitudine
233 615 403 677 caelestium
417 614 611 677 arbitrantur:
630 616 712 677 lucos
731 635 764 678 ac
783 635 904 678 nemora
918 635 1020 680 conse·

9 714 95 767 :rant
116 705 301 782 deorumque
319 704 488 765 nominibus
507 704 654 784 appellant
674 713 822 767 secretum
836 706 918 788 illud,
941 707 1020 787 quod

9 794 71 854 sola
85 794 256 853 reverentia
270 791 379 852 rident.
1035 819 1063 858 10

79 879 132 942 10.
157 881 296 958 Auspicia
315 888 468 958 sortesque
493 883 596 960 utqui
618 883 744 941 maxime
765 881 935 944 observant:
959 901 1020 945 sor·

9 974 86 1032 tium
107 967 293 1029 consuetudo
313 968 445 1047 simplex.
468 971 578 1047 virgam
597 969 755 1046 frugiferae
774 970 874 1031 arbori
892 971 1021 1032 decisam

9 1061 40 1120 in
61 1056 203 1118 surculos
222 1063 374 1136 amputant
393 1075 503 1135 eosque
522 1059 600 1117 notis
619 1057 794 1136 quibusdam
814 1058 958 1120 discretos
973 1078 1020 1120 su·

9 1165 65 1226 per
85 1144 243 1206 candidam
261 1152 373 1206 vestem
392 1153 504 1206 temere
518 1164 551 1205 ac
570 1147 692 1205 fortuito
712 1154 861 1225 spargunt.
905 1165 981 1228 mox,
995 1150 1021 1208 si

9 1234 133 1314 publice
154 1231 351 1314 consultetur,
369 1233 506 1294 sacerdos
521 1235 660 1314 civitatis,
675 1236 721 1294 sin
735 1236 880 1314 privatim,
894 1237 957 1314 ipse
972 1252 1047 1313 pac

9 1333 58 1383 ter
78 1321 221 1402 familiae,
244 1329 383 1400 precatus
402 1321 473 1382 deos
491 1321 663 1400 caelumque
682 1324 847 1400 suspiciens
861 1329 908 1383 ter
922 1325 1021 1402 singu-

9 1411 56 1471 los
76 1409 170 1489 tollit,
194 1409 324 1470 sublatos
343 1409 505 1470 secundum
524 1412 699 1488 impressam
716 1418 784 1471 ante
807 1421 906 1472 notam
930 1413 1021 1471 inter-

11 1505 161 1578 pretatur.
185 1499 211 1558 si
219 1497 444 1576 prohibuerunt,
463 1496 542 1558 nulla
552 1499 588 1558 de
598 1498 700 1559 eadem
713 1517 746 1559 re
761 1501 792 1560 in
805 1500 932 1560 eundem
942 1499 1021 1560 diem

10 1586 207 1666 consultatio;
235 1587 281 1645 sin
295 1587 488 1666 permissum,
512 1588 711 1665 auspiciorum
730 1586 825 1648 adbuc
844 1587 917 1648 tides
932 1590 1020 1666 exigi-

11 1685 74 1736 tur.
102 1681 134 1734 et
151 1672 224 1733 illud
243 1673 361 1752 quidem
380 1677 468 1735 etiam
484 1674 534 1734 bic
547 1683 664 1754 notum,
683 1675 780 1735 avium
793 1692 881 1735 voces
895 1675 1020 1736 volatus·
1036 1699 1061 1738 ιο

13 1781 74 1842 que
94 1764 292 1840 interrogare:
319 1764 473 1841 proprium
492 1765 589 1840 gentis
608 1779 752 1840 equorum
772 1780 890 1841 quoque
904 1780 1020 1841 praesa·

14 1854 63 1930 gia
82 1869 116 1910 ac
135 1851 264 1910 monitus
288 1852 424 1929 experiri.
467 1850 584 1929 publice
604 1849 723 1910 aluntur
737 1849 832 1909 isdem
850 1849 1021 1913 nemoribus

15 1958 49 2000 ac
69 1938 158 2018 lucis,
182 1936 298 1998 candidi
316 1944 346 1998 et
360 1937 439 1998 nullo
454 1937 571 1998 mortali
584 1955 674 2016 opere
689 1939 830 2018 contacti3
852 1956 926 2017 quos
939 1955 1021 2016 pres·

15 2045 66 2088 sos
85 2043 169 2087 sacro
188 2042 279 2086 curru
298 2025 436 2086 sacerdos
454 2043 488 2086 ac
506 2043 559 2086 rex
579 2025 625 2086 vel
638 2027 777 2105 princeps
791 2027 917 2087 civitatis
932 2029 1021 2087 comi-

17 2123 119 2176 tantur
140 2113 333 2193 hinnitusque
351 2132 384 2174 ac
398 2114 533 2174 fremitus
548 2113 713 2174 observant.
744 2133 799 2175 nec
819 2114 871 2175 ulli
889 2117 1020 2194 auspicio
1036 2139 1062 2178 rs

18 2205 111 2264 maior
133 2201 215 2282 fides,
238 2219 297 2261 non
321 2202 415 2264 solum
439 2202 515 2282 apud
537 2201 667 2282 plebem,
691 2202 743 2263 sed
766 2202 843 2281 apud
867 2221 1022 2284 proceres;

18 2290 187 2351 sacerdotes
200 2291 279 2350 enim
301 2292 452 2352 ministros
466 2291 597 2371 deorum,
612 2290 677 2350 illos
691 2293 827 2351 conscios
840 2299 952 2371 putant.
976 2299 1022 2353 est

18 2389 48 2440 et
62 2379 117 2440 alia
131 2377 295 2439 observatio
310 2380 517 2459 auspiciorum,
533 2398 590 2458 qua
601 2380 734 2457 gravium
743 2378 889 2439 bellorum
899 2386 1021 2440 eventus

21 2467 179 2546 explorant.
203 2468 267 2526 eius
280 2469 386 2547 gentis,
400 2484 467 2528 cum
478 2484 534 2544 qua
547 2466 657 2527 bellum
672 2473 726 2546 est,
740 2468 888 2544 captivum
903 2484 1021 2546 quoquo

18 2555 104 2615 modo
128 2557 325 2632 interceptum
348 2571 416 2615 cum
439 2554 531 2615 electo
554 2553 741 2632 popularium
755 2570 890 2633 suorum,
917 2557 1021 2633 patriis
1035 2578 1063 2619 ro

20 2660 163 2722 quemque
174 2644 272 2723 armis,
286 2644 485 2703 committunt:
500 2644 621 2702 victoria
630 2640 719 2702 huius
733 2641 778 2703 rel
787 2640 866 2703 illius
875 2660 929 2722 pro
939 2661 1022 2722 prae·

21 2730 128 2792 indicio
143 2732 294 2809 accipitur.

88 2815 136 2880 11.
159 2816 200 2878 De
219 2817 384 2879 minoribus
403 2818 493 2879 rebus
507 2820 658 2898 principes
673 2819 851 2900 consultant,
875 2819 911 2880 de
934 2822 1022 2880 maio·
1075 2824 1089 2852 ⁶

22 2907 103 2967 ribus
118 2924 227 2987 omnes,
241 2909 281 2967 ita
295 2914 402 2984 tamen,
416 2915 450 2967 ut
465 2925 498 2967 ea
513 2925 644 2987 quoque,
660 2926 786 2986 quorum
800 2925 891 2987 penes
905 2907 1022 2987 plebem

22 2995 173 3056 arbitrium
183 3001 237 3076 est,
248 2994 324 3074 apud
334 2996 484 3074 principes
494 3003 739 3074 praetractentur.
754 3002 870 3076 coeunt,
882 2998 941 3055 nisi
951 2996 1022 3073 quid

91 3111 163 3179 loe
183 3113 226 3164 ost
244 3110 361 3179 simplex
380 3111 405 3167 0
424 3114 428 3179 Ι
453 3118 468 3166 5
488 3111 660 3167 consultetur
677 3113 787 3180 scripsi:
807 3110 967 3165 consuletur
986 3110 1022 3180 (ei

22 3181 132 3249 publica
149 3180 318 3236 consultatio
352 3183 384 3238 fic
410 3183 588 3253 Mepinbarol)
604 3186 608 3250 Ι
626 3190 656 3236 11
677 3196 865 3249 equorumque
882 3198 909 3250 p.
930 3182 972 3250 01
989 3187 1021 3236 lb

24 3253 71 3305 sed
90 3251 121 3307 O:
152 3267 202 3308 oro.
221 3253 291 3307 Bbc
314 3252 373 3322 (sed
392 3253 477 3307 etiam
497 3253 571 3322 apud
589 3267 717 3321 proceres
736 3251 893 3304 habebatur
912 3252 1019 3322 Mepiro

23 3323 98 3390 bord)
114 3324 118 3390 1
135 3327 166 3376 tt
186 3323 344 3377 sacerdotes
364 3322 439 3378 enim
456 3323 597 3377 ministros
611 3323 748 3390 Wrilfflin:
768 3321 843 3390 apud
862 3321 1021 3377 sacerdotes

25 3409 51 3446 ee
70 3391 141 3446 enim
157 3392 301 3448 ministros
320 3394 385 3449 libri
403 3396 563 3464 interpolate
578 3398 582 3463 1
598 3392 668 3447 istos
686 3393 734 3447 Bb
751 3393 755 3461 l
773 3398 805 3446 19
825 3393 1020 3463 explorante:

25 3463 197 3533 explorantur
215 3465 252 3532 b¹‚
272 3464 433 3534 exploratur
441 3465 505 3521 ΒΝ
521 3468 526 3536 Ι
542 3463 587 3532 11,
602 3470 617 3518 3
636 3465 859 3534 praetractentur
877 3482 892 3521 c
909 3470 934 3520 et
952 3481 1022 3520 corr.
1113 3505 1114 3508 ,

26 3533 56 3588 0:
75 3535 276 3602 pertractentur
294 3537 393 3606 reliqui

75 3631 174 3673 rnorrr
188 3633 264 3674 rans
280 3634 308 3678 11
830 3629 862 3678 to
